3859 5342
387 399 1179 493 .StncrrPsrn1Anosnotr'.
1354 404 1407 518 '57

139 550 356 658 „siendum
377 551 438 650 st,
474 554 681 656 &quando
704 554 781 657 ipse
801 556 1032 639 aduersarius
1046 556 1066 656 ',
1102 561 1165 640 vel
1187 556 1266 661 ejus
1292 556 1472 638 successor

137 658 410 758 „quicumque
437 659 510 737 lroc
532 657 632 737 idem
655 657 790 756 saciat,
817 660 1038 742 renuntians
1060 663 1202 743 scilicet
1227 659 1397 761 pretenso
1419 658 1473 755 iu·

136 812 163 859 „
183 761 237 853 ri,
261 758 298 838 ds
321 758 472 858 Papatui
507 758 573 837 suo
606 758 667 837 ves
694 760 878 841 decedat.
913 762 1138 842 Dummodo
1164 761 1258 857 illi,
1283 760 1348 861 qui
1374 759 1474 859 apud

136 916 161 960 „
183 859 323 938 dietum
343 860 594 938 adversarium
621 884 687 960 pro
698 861 965 959 cardinalibus
987 865 1023 942 se
1043 885 1206 962 gerunt,
1226 860 1274 942 lic
1296 860 1474 941 conveni·

58 967 64 977 “
136 1008 160 1062 ,,
186 986 245 1053 re,
269 961 308 1040 ἃ
329 963 557 1040 concordate
590 986 678 1040 cum
701 963 785 1061 ipfis
806 962 981 1043 fratribus
1004 966 1136 1045 nostris
1162 965 1282 1043 uelint
1308 987 1396 1042 cum
1423 958 1475 1042 es·

137 1090 161 1161 ,·,
184 1062 307 1156 sessu,
332 1085 374 1140 ut
396 1063 533 1140 exinde
554 1064 736 1142 canonica
768 1065 871 1143 unici
893 1067 1058 1144 Romani
1082 1065 1278 1145 Pontificis
1298 1065 1474 1164 sequatur

135 1214 159 1262 „
182 1163 347 1244 crestio.
384 1165 469 1244 Nec
491 1188 568 1243 non
587 1161 783 1244 offerimus
813 1186 969 1247 omnem
996 1169 1110 1247 aliam
1144 1168 1245 1247 viam
1270 1186 1477 1266 perquam

137 1312 161 1364 „
184 1265 315 1344 scistna
337 1264 518 1360 tollatur,
543 1266 756 1347 &unionis
783 1264 957 1369 sequatut'
978 1268 1174 1370 integritas
1197 1327 1207 1348 .
1244 1271 1375 1368 Quam
1401 1265 1478 1344 ela·

136 1418 160 1468 „
183 1367 360 1461 tionem,
388 1386 430 1444 ut
457 1365 629 1446 mimoni
653 1367 810 1448 vinculo
829 1369 970 1467 fieret,
997 1370 1236 1466 iuravimus,
1262 1368 1481 1462 vovimur,

134 1518 160 1567 „
179 1467 216 1547 8<
238 1466 490 1565 promissimus
518 1490 607 1548 ante
638 1470 927 1571 assumptionem
966 1470 1128 1551 nostram
1155 1471 1289 1550 eodem
1317 1466 1485 1547 uinculo·

135 1620 160 1670 „
183 1568 389 1649 efficaciter
410 1568 665 1670 implendam,
691 1597 780 1651 curn
801 1571 956 1673 singulis
977 1596 1023 1651 ex
1047 1571 1129 1675 ipfis
1149 1571 1353 1652 Fratribus
1367 1568 1478 1647 inca·

134 1720 161 1769 „
174 1670 248 1767 -stt,
273 1670 314 1748 in
326 1696 403 1774 quo
414 1670 550 1771 aliquis
561 1671 727 1752 noslrum
741 1672 785 1753 ad
798 1675 958 1775 Apicem
971 1674 1121 1754 Summi
1136 1671 1376 1775 Apostolams
1386 1669 1477 1749 esset

135 1816 161 1869 ,·,
182 1774 387 1871 assumptus
407 1772 488 1874 poll
515 1772 631 1872 ipsam
657 1776 948 1877 assumptionem
978 1777 1015 1853 id
1043 1776 1164 1877 ipsum
1192 1776 1238 1853 ad
1265 1769 1477 1852 firmiorem

134 1924 162 1972 „
182 1872 434 1963 constantiam
461 1874 790 1974 denuojorantes,
818 1898 1024 1972 voventes,
1052 1877 1341 1979 promittentes,
1366 1894 1409 1951 ac
1422 1895 1477 1950 ra·

133 2026 159 2073 „
179 1972 398 2055 tilicantes.
436 1979 616 2057 Oratores
644 1979 763 2059 etiam
790 1978 935 2058 nostros
960 1979 1138 2059 celeriter
1174 1976 1316 2056 missuri
1349 1972 1477 2084 sumus

132 2075 334 2174 „deloco
361 2076 523 2174 idoneo,
549 2098 592 2156 ut
618 2079 709 2157 dissi
736 2103 825 2159 cum
853 2081 993 2160 eisdem
1021 2080 1248 2179 disponant,
1273 2076 1319 2152 ad
1347 2073 1476 2170 hujus·
1504 2156 1513 2168 ¹

131 2224 158 2275 „
181 2178 286 2256 modi
313 2178 497 2256 unionem
525 2178 756 2256 faciendam.
784 2178 857 2258 His
884 2177 1001 2278 igitur
1025 2180 1193 2277 cognitis
1217 2180 1263 2255 de
1290 2198 1382 2274 pace
1399 2186 1422 2267 ,'
1438 2170 1477 2251 ds

133 2328 159 2378 ,‚
183 2279 333 2358 unitate
361 2275 525 2363 Ecclesie
550 2280 690 2357 bonam
717 2282 817 2379 spem
846 2281 1027 2381 suscipere
1047 2280 1160 2359 debet
1174 2271 1512 2357 veuradtleetim

133 2428 160 2476 „
183 2375 285 2459 uum
316 2378 483 2479 profesio
507 2377 737 2458 confidimus
763 2403 912 2481 tempus
936 2381 1159 2474 advenisse,
1194 2379 1235 2457 in
1260 2400 1339 2479 quo
1365 2373 1479 2454 anxia

134 2530 162 2577 „
185 2479 472 2559 christianorum
500 2481 795 2578 complebuntur
817 2503 937 2561 vota.
965 2485 1010 2560 In
1038 2481 1172 2561 ceteris
1191 2498 1319 2557 autem
1342 2477 1479 2570 rebus,

136 2631 167 2678 „
190 2606 262 2758 &ue
289 2583 333 2660 ad
361 2579 643 2661 univerfinren
671 2580 828 2662 vestram
856 2583 1045 2681 attinent,
1070 2598 1186 2684 quam
1212 2572 1515 2681 spectatum«

137 2732 169 2780 „
230 2679 326 2759 ionis
338 2682 570 2783 prerogativa
582 2683 895 2784 complestimur,
906 2685 1093 2787 gratiam,
1117 2678 1480 2764 &benevolentiam

136 2780 351 2878 „nostram
378 2784 650 2886 promptissime
677 2782 896 2867 offerentes.
925 2789 1058 2866 Tenos
1084 2807 1212 2865 autem
1241 2784 1481 2874 litterarum,

136 2906 278 2984 „quas
302 2883 402 2967 circa
427 2888 597 2986 premissa
622 2886 822 2987 dirigimus
860 2888 1003 2988 prefato
1040 2887 1165 2966 nolito
1191 2880 1404 2966 adversario
1428 2880 1484 2958 se«

138 3028 165 3081 ‚,
188 2987 404 3086 quiunt-dt
430 2989 481 3067 est
509 2987 625 3068 ralis:
652 2989 859 3089 Gregorius
885 2991 954 3069 &c
984 2993 1097 3068 Petro
1122 2989 1169 3064 de
1195 2991 1338 3079 Luna,
1363 3003 1483 3081 quem

138 3087 373 3184 „nonnulle
410 3111 541 3191 gentes
578 3091 619 3172 in
656 3089 970 3175 hoc.misetabili
998 3090 1209 3170 Schismate
1235 3083 1483 3165 Benedisiuns
1612 3088 1614 3095 ‘

139 3234 165 3287 ‚,
191 3190 398 3273 &simum
427 3194 606 3273 Tertium
632 3180 846 3295 appellant,
874 3193 999 3294 pacis,
1024 3192 1062 3269 8(
1091 3187 1243 3268 unionis
1269 3180 1482 3301 ussedom.

138 3291 269 3392 „Qui
297 3294 334 3372 se
363 3292 566 3391 humiliat,
592 3295 717 3395 inquit
746 3296 906 3389 vetitas,
934 3291 1186 3385 exaltabitur,
1213 3280 1485 3388 &qutseexal-

141 3413 269 3491 „¹sat,
296 3394 589 3494 humiliabitur,
615 3394 722 3493 cujus
734 3395 1017 3475 saluberrimam
1029 3391 1486 3498 admonitionem,quan·

139 3541 165 3588 „
189 3512 269 3573 tum
299 3498 411 3578 nobis
437 3522 485 3577 ex
510 3499 589 3578 alto
616 3497 873 3598 permittitur,
898 3497 1121 3576 obedienter
1148 3492 1291 3583 secuti,
1317 3489 1486 3602 destert-

141 3643 169 3689 „
190 3620 275 3677 mus
303 3623 367 3695 per
378 3598 540 3682 Litteras
567 3599 706 3679 nostras
731 3600 838 3679 omni
864 3600 1115 3678 contentione
1141 3592 1301 3707 seposita·
1321 3592 1487 3705 bentgne
1516 3698 1517 3703 Ν

141 3746 167 3792 ,‚
191 3719 226 3778 te
253 3697 393 3798 affari,
418 3702 457 3781 &
482 3703 528 3780 ad
554 3701 888 3802 reintegrationem
917 3697 1083 3779 Ecclese
1110 3697 1333 3800 cohortart,
1356 3706 1487 3766 rmote

143 3845 169 3891 „
192 3798 355 3883 invitare
391 3803 436 3880 ad
465 3800 501 3880 id
526 3804 725 3882 confilium
752 3803 1024 3903 capescendum
1051 3854 1064 3895 ,
1099 3796 1201 3899 quod
1229 3819 1299 3872 nos
1326 3787 1392 3891 ipsr
1420 3810 1509 3888 pto*

143 3947 169 3992 „
192 3926 282 4001 pace
309 3903 617 3984 Christianorum
643 3905 878 4003 accepimns.
907 3902 1024 3980 Vides
1047 3921 1188 4002 quanta
1215 3897 1314 3973 mala
1331 3946 1349 4007 ,⁹
1375 3910 1491 4067 guatt-

145 4047 170 4092 2,
193 4022 230 4080 ta
257 4005 459 4105 pericula,
485 4028 626 4107 quanta
652 4000 814 4113 denique
841 4000 1061 4083 Christiane
1088 3995 1304 4110 Religionis
1331 4010 1370 4068 tn
1388 4010 1491 4103 anna
1521 4050 1526 4058 .

145 4148 170 4194 „
194 4102 266 4200 jam
294 4130 361 4205 pet
386 4106 542 4206 triginta
567 4133 687 4187 anuos
714 4129 761 4185 ex
790 4107 859 4187 hac
887 4102 1102 4203 pestilenti,
1127 4089 1493 4208 &nefariasedttto-

147 4244 172 4294 ‚,
194 4231 243 4283 ne
267 4205 308 4284 in
322 4208 464 4308 populo
478 4206 552 4286 Dei
579 4206 842 4309 pervenerint,
867 4226 1107 4306 quantaque,
1135 4198 1202 4279 nifi
1230 4193 1493 4299 provrdeatut,
1600 4208 1603 4213 ’

148 4348 174 4396 ,,
197 4303 267 4385 srnt
294 4310 465 4407 quotidie
492 4310 793 4412 prosequutura:
821 4308 958 4386 horum
988 4297 1405 4417 omniumnmalotumq
1427 4309 1496 4400 qut

148 4450 175 4501 a
195 4409 305 4488 causa
330 4411 379 4489 ab
404 4409 519 4491 initio
544 4409 712 4512 suerint,
735 4429 885 4495 certum
912 4403 1369 4583 videtuR-qurbusugor
1393 4384 1499 4571 {nostr

247 4516 356 4590 Tum.
379 4518 484 4591 XIII.
