3859 5342
407 380 620 466 Sarscrt
653 382 826 464 Perat
861 378 1186 466 Aoosrour‘
1317 405 1398 486 129

99 525 359 711 ,333er
377 526 1459 730 {titillant,ululantattillani

124 687 149 729 n
272 687 286 729 a
611 684 625 725 r
839 683 855 725 r
902 717 922 742 f
1056 686 1068 728 i
1449 678 1462 696 ‘

125 787 149 831 „
172 754 274 811 catus
302 732 548 811 Venetiarunr
562 734 643 809 sunt
657 755 721 828 per
732 728 952 810 continuata
974 753 1143 831 tempora
1165 736 1349 835 suscipere
1376 760 1467 816 con·

125 887 150 930 „
173 834 264 911 sueti
285 884 300 927 ,
324 832 362 910 ἃ
389 833 428 912 in
456 833 622 933 praesenti
653 831 850 910 humiliter
876 833 1147 933 susceperunt,
1174 839 1208 916 δι
1233 834 1467 939 suscipiunt,

124 987 149 1032 „
173 933 339 1035 praefatus
353 934 535 1013 lllustriss.
552 934 724 1034 Princeps
736 934 851 1011 Dona
867 933 956 1011 Dux
986 934 1148 1035 benigne
1175 936 1372 1037 profatum
1388 937 1465 1015 Do·

126 1088 151 1130 „
176 1036 357 1130 aninum,
394 1056 486 1115 tunc
512 1035 738 1135 Episcopum
765 1032 1025 1112 Castellanum
1053 1037 1299 1137 personaliter
1335 1037 1468 1136 sapius

32 1151 34 1154 ’
127 1187 151 1232 ,,
176 1135 392 1237 requisivit,
418 1157 461 1213 ut
486 1136 690 1216 secundum
718 1136 819 1235 quod
845 1135 1017 1214 debitum
1046 1158 1124 1215 erat
1150 1138 1212 1234 ei,
1240 1140 1395 1217 deberet
1417 1135 1470 1214 di·

128 1285 154 1333 „
176 1236 274 1315 siam
302 1235 585 1318 investitionem
614 1235 826 1337 suscipere,
862 1261 939 1337 quo
966 1236 1246 1335 vehementer,
1273 1240 1309 1317 8<
1341 1235 1471 1337 sapius

128 1338 367 1432 „recusante
394 1338 644 1438 supplicatum
680 1337 809 1416 extitit
834 1338 995 1416 Summo
1022 1338 1231 1435 Pontifici,
1267 1360 1378 1440 prout
1406 1361 1473 1436 pet
1543 1395 1545 1398 .

127 1490 151 1533 „
177 1438 359 1516 solemnia
385 1440 634 1532 Venetiatunr
662 1437 818 1524 consilia
846 1437 1091 1517 terminatum
1119 1439 1262 1535 suerat,
1289 1439 1390 1540 quod
1418 1439 1471 1516 di·
1570 1488 1574 1492 -

129 1562 357 1638 „gustetur
382 1539 460 1637 ejus
486 1540 668 1624 Saudliras
694 1537 904 1639 profanum
934 1538 1183 1636 Dominum,
1210 1563 1301 1619 runc
1324 1539 1474 1638 Episco-

131 1690 154 1734 „
177 1664 272 1738 pum
300 1641 559 1720 Castellanurn
596 1642 769 1721 adalind
797 1639 1029 1736 transferre,
1065 1642 1173 1720 &de
1200 1641 1273 1720 alia
1309 1638 1474 1718 notabili

124 1791 150 1834 „
172 1740 333 1841 persona
359 1744 505 1821 Veneta
531 1743 577 1822 ad
604 1741 822 1838 jamdictum
848 1741 1116 1842 Episcopatum
1127 1741 1388 1821 Castellanum
1410 1740 1473 1818 be·

125 1892 148 1934 „
173 1842 330 1941 nignius
358 1844 578 1944 providete,
604 1843 679 1944 ipse
705 1843 810 1921 enirn
837 1843 1015 1923 Summus
1036 1843 1210 1923 Pontifex
1238 1840 1474 1943 supplicatio-

125 1993 149 2037 „
174 1967 241 2021 nes
270 1941 380 2040 ipsius
408 1945 536 2024 lneliti
568 1945 729 2023 Domini
759 1943 879 2025 Ducis
903 1942 1109 2043 expostus,
1134 1945 1171 2023 8<
1199 1942 1386 2044 possessas
1408 1966 1474 2041 per

125 2093 148 2137 ‚,
173 2043 383 2122 Notarium
410 2045 720 2145 circumspedlunr
749 2045 932 2141 prelibati
963 2045 1123 2122 Domini
1153 2042 1273 2123 Ducis
1298 2041 1475 2140 jamdidia

128 2193 152 2237 ‚,
173 2144 219 2222 de
251 2146 362 2224 causa
387 2146 433 2223 ad
460 2145 820 2246 pedesApollolicos
845 2144 1097 2237 dellinatutn,
1124 2145 1330 2221 clementer
1358 2141 1475 2217 adroi-

128 2269 152 2338 ς,
173 2241 216 2323 srt
249 2244 464 2325 transferres
484 2245 676 2345 praefatum
703 2244 1146 2325 Reverenduanattern
1174 2245 1220 2319 ad
1247 2240 1477 2320 Patriarcha-

129 2395 153 2438 „
176 2364 263 2423 tuur
293 2347 624 2441 Alexandrinum,
650 2347 685 2424 δε
712 2347 979 2424 Reverendutn
1011 2345 1156 2422 Patrem
1186 2343 1302 2423 Dorn.
1326 2343 1478 2422 Franci·
1551 2440 1552 2443 p

133 2496 157 2540 „
182 2447 286 2525 scunt
316 2445 461 2525 Betnbo
489 2445 752 2527 Prirnicerium
782 2443 979 2541 Ecclesia,
1005 2445 1068 2522 seu
1094 2445 1263 2543 Capella
1290 2445 1326 2524 S.
1350 2439 1477 2523 Marci
1536 2499 1559 2532 -,

130 2595 156 2639 „
178 2547 224 2622 ad
255 2546 518 2647 Episcoparuor
548 2548 719 2629 Ecclesia
746 2545 970 2628 Callellanae
998 2548 1210 2644 promouit.

180 2645 287 2723 Cum
323 2669 414 2727 vero
449 2650 562 2749 paulo
598 2650 677 2750 posi
712 2646 876 2745 eiusdem
906 2644 1088 2730 Bonifatii
1121 2649 1289 2726 Decreto
1315 2647 1477 2753 Joannes

133 2743 244 2823 bono
266 2743 375 2825 l’rior
399 2749 435 2828 S.
462 2751 669 2830 Salvatoiis
694 2754 740 2829 de
770 2750 939 2828 Veneriis
965 2747 1010 2826 ad
1040 2748 1243 2829 Ecclesiam
1257 2746 1479 2829 AEutonien·

129 2843 207 2924 sern
236 2850 435 2929 translatus
460 2850 605 2949 suiliet,
634 2850 806 2931 Pontifex
836 2851 1046 2928 Priorarunr
1074 2873 1122 2928 ex
1146 2874 1191 2928 ea
1219 2849 1480 2928 elediioneva·

133 2966 282 3027 cantem
309 2950 507 3031 Leonardo
534 2952 733 3052 Delphino
760 2953 800 3030 in
825 2950 1080 3029 Patriarchanr
1097 2950 1403 3029 Alexandrinum
1426 2974 1480 3027 re·

133 3071 217 3127 cens
244 3048 365 3130 eledio
391 3054 582 3149 contulit,
608 3055 647 3135 id
673 3052 907 3154 Reipublicae
930 3053 1087 3150 Venetae,
1110 3071 1258 3147 gratum
1274 3049 1365 3127 sore
1392 3072 1480 3127 con·

136 3145 272 3231 fidens.
301 3157 352 3248 At
381 3155 446 3234 ubi
475 3155 512 3232 id
539 3154 693 3234 Senatui
730 3153 953 3255 displicuisse
981 3175 1046 3252 per
1074 3150 1243 3250 publicas
1271 3147 1479 3228 Michaelis

136 3247 242 3329 Steni'
269 3253 390 3333 Ducis
415 3253 587 3351 epistolas
613 3256 792 3356 accepit,
821 3250 1120 3354 promotionem,
1157 3252 1207 3331 δ’
1228 3247 1484 3329 commendam

137 3347 199 3448 effe
217 3346 368 3450 nullos,
393 3350 598 3454 nulliusque
618 3352 945 3458 miseremini,
969 3347 1036 3432 ves
1057 3351 1234 3433 momenti
1254 3347 1486 3444 declaravit,

139 3451 230 3533 datis
262 3452 339 3554 ipso
369 3456 555 3536 Michaeli
582 3460 698 3537 Steno
725 3456 826 3536 Duci
857 3454 1082 3555 Apostolicis
1105 3453 1254 3548 litteris
1281 3453 1343 3530 die
1372 3476 1486 3529 vrit.
1536 3514 1561 3555 'r

142 3549 374 3638 Novembris
402 3559 586 3638 Mcccct.
615 3559 733 3637 Aliud
768 3557 903 3637 deinde
939 3557 1106 3656 diploma
1144 3554 1242 3633 misit
1268 3551 1487 3632 Bonifatius

145 3649 315 3732 Pontifex
341 3659 400 3736 die
423 3689 481 3740 aa.
509 3659 702 3740 Februarii
730 3660 819 3738 anni
848 3658 1078 3759 insequentis
1103 3655 1169 3755 ipsr
1194 3654 1330 3756 Joanni
1348 3649 1490 3747 Priori,

142 3776 212 3850 quo
241 3754 363 3854 ipsum
390 3760 523 3855 in,suo
551 3764 723 3841 Prioratu
750 3759 947 3856 restituit,
974 3760 1035 3837 vel
1063 3758 1188 3860 potius
1214 3753 1490 3848 confirmauit,

146 3855 568 3940 &commendatoriam
609 3863 797 3942 Prioratus
834 3861 993 3942 titulum
1031 3858 1227 3940 leonardo
1266 3854 1490 3935 Patriarchae
1590 3879 1591 3882 ¹

146 3957 354 4037 concellum
381 3959 444 4040 sua
472 3964 685 4061 Apostolica
711 3963 943 4042 authoritate
970 3960 1139 4041 rescidit.
1170 3962 1260 4038 Non
1287 3958 1351 4036 diu
1380 3950 1493 4053 poli,

129 4069 245 4139 'anno
272 4059 416 4142 scilicet
447 4063 637 4143 lrlccccu.
664 4066 725 4143 die
754 4064 889 4144 ultima
915 4064 1007 4163 Julii
1037 4061 1248 4143 recensetur
1275 4050 1494 4135 leonardus

48 4195 50 4230 r
152 4157 348 4262 Delphino
376 4165 590 4245 Patriarelta
619 4166 897 4246 Alexandrinus
924 4165 1148 4257 intereos,
1175 4161 1241 4262 qui
1268 4154 1319 4234 ad
1338 4149 1496 4254 probam
1593 4169 1602 4180 ’

151 4259 387 4361 Episcopatus
405 4265 611 4370 Veronenfis
638 4290 729 4349 tunc
756 4265 924 4347 vacantis
952 4262 1139 4343 nominati
1169 4260 1320 4340 suerunt
1343 4312 1356 4352 ,
1381 4276 1496 4355 quern

155 4376 281 4438 tatnen
316 4368 463 4447 collatis
502 4372 622 4450 Μ).
658 4368 843 4469 suffragiis
879 4365 1051 4448 obtinuit
1091 4361 1261 4465 Angelus
1288 4352 1496 4440 Barbadieo

251 4468 357 4543 Tem.
380 4476 483 4549 xm.
536 4581 541 4590 l
828 4551 829 4562 Ν
1019 4467 1056 4543 R
1357 4455 1449 4536 Gre-
