3859 5342
989 334 1108 437 64
1364 324 1522 411 DE
1591 324 2136 412 Ecctt-:sta
2204 325 3072 413 Pin-muenia

855 526 912 573 „
962 500 1095 555 mo
1136 497 1568 578 promptos,
1619 474 1693 555 8(
1737 472 2016 552 sincera
2056 493 2313 551 mente
2357 467 2783 572 dispositos.
2834 470 2955 549 Ex
2996 493 3152 572 quo
3195 467 3246 549 fi
3286 465 3565 569 dignas

856 628 915 672 „
966 599 1207 677 grates
1230 578 1582 655 exolvere
1611 603 1761 654 non
1790 575 2131 655 valemus
2154 628 2179 668 ,
2232 571 2527 673 agimus
2552 595 2804 652 tamen
2829 628 2856 668 ,
2892 599 3091 673 -quas
3124 572 3517 671 possumus
3541 626 3570 669 ,

856 729 913 774 „
970 677 1350 756 A'ltisfimo
1389 678 1932 778 supplicantes,
1987 696 2070 755 ut
2112 674 2400 753 dietum
2443 675 2845 752 Summum
2875 675 3323 754 Pontificem
3355 728 3384 768 ,
3440 699 3568 754 ve·

858 829 917 881 „
969 779 1288 880 strasque
1332 778 2005 863 Reverendiffimas
2051 775 2543 856 Paternitates
2584 777 3030 871 conservet,
3081 775 3155 854 8<
3209 774 3503 873 dirigat
3536 829 3566 871 ‚

857 931 915 978 „
966 880 1247 979 fibique
1291 880 1546 959 felices
1588 880 1946 958 successus
1984 879 2463 973 accumulet,
2513 879 2789 978 quibus
2844 877 3023 956 fides
3064 876 3493 957 Catholica
3538 932 3567 972 ,

859 1032 915 1076 „
967 981 1039 1060 δι
1083 981 1415 1059 Ecclesia
1457 982 1582 1058 sua
1627 982 1868 1059 sanfiia
1912 979 2171 1075 unita,
2222 979 2827 1058 &reconciliata
2872 981 3007 1057 sub
3049 977 3445 1074 ejusdem,
3488 978 3563 1057 8<

860 1133 916 1179 „
968 1083 1378 1160 vestrorum
1439 1081 1905 1160 beatitudine
1955 1103 2381 1182 temporum
2427 1102 2679 1178 optata
2727 1078 2941 1179 possit
2992 1080 3565 1179 tranquillitate

858 1234 915 1278 „
968 1181 1338 1281 gaudere,
1390 1183 1463 1260 8<
1506 1184 1925 1265 honoribus
1968 1236 1996 1278 ,
2045 1203 2132 1262 ac
2179 1181 2669 1263 incrementis
2730 1182 3116 1262 continuis
3172 1180 3504 1259 exaltari
3547 1237 3567 1258 .

857 1329 916 1379 „
969 1285 1136 1363 Nos
1179 1307 1360 1361 vero
1411 1284 1703 1384 antiqui
1773 1284 2247 1364 Sacrosane'te
2310 1286 2401 1364 R.
2446 1282 2535 1361 E.
2579 1280 2719 1360 filii
2777 1309 2978 1362 nunc
3043 1284 3148 1363 ob
3205 1282 3567 1365 devotio·

860 1435 915 1479 ,‚
974 1410 1144 1462 nem
1194 1386 1399 1466 Sedis
1444 1387 1927 1486 Apostolice,
1980 1386 2053 1466 8<
2096 1385 2590 1486 reverentiam
2635 1382 2947 1463 vestram
2995 1383 3281 1466 fincero
3331 1384 3564 1465 corde

863 1536 920 1580 „
970 1486 1360 1566 offerimus
1403 1514 1538 1567 nos
1580 1482 1673 1564 ad
1713 1489 1979 1566 cunffla
2024 1487 2524 1565 Beatitudinis
2569 1486 2742 1580 sue,
2792 1485 2865 1564 ἃ
2911 1485 3128 1586 ipsius
3172 1485 3567 1581 Ecclefie,

867 1638 924 1682 „
972 1611 1058 1664 ac
1114 1589 1516 1666 vestrarum
1580 1588 2392 1668 Reverendiffimarum
2465 1585 3009 1666 paternitatum
3076 1587 3566 1687 beneplacita

865 1739 921 1783 „
972 1686 1295 1786 pariter,
1344 1690 1419 1769 &
1465 1690 1832 1771 honores.
1888 1692 2089 1769 Data
2132 1711 2343 1768 xxw.
2399 1687 2849 1768 Decembris
2894 1712 3016 1768 xv.
3080 1688 3568 1777 Indifi‘tione.

826 1916 830 1919 ·
866 1871 1146 1969 Littere
1185 1886 1409 1994 miffae
1446 1891 1791 1975 senatori
1839 1890 2058 1971 Urbis
2079 1947 2106 1987 ,
2157 1885 2588 2004 &opuloqua
2619 1899 2952 1974 Romano
2997 1894 3219 1996 super
3258 1887 3569 1981 creatio«

1034 1998 1047 2008 '
1769 2023 1862 2075 ne
1901 2004 2196 2073 summ}
2241 1993 2661 2096 Pomtficrs.

961 2251 1018 2294 „
1073 2192 1581 2278 Meminimus
1631 2199 1921 2282 Excelst
1975 2201 2267 2293 Fratres
2306 2253 2333 2297 ,
2401 2199 2477 2281 8<
2533 2197 2788 2283 Amici
2841 2196 3277 2281 Chariffimi
3340 2196 3585 2297 majo-

861 2349 920 2396 „
971 2325 1138 2376 rum
1196 2302 1613 2380 nostrorum
1667 2303 2147 2384 documentis
2220 2302 2498 2382 imbuti
2554 2358 2581 2399 ,
2650 2304 2853 2403 quod
2928 2305 3403 2400 temporibus
3457 2325 3567 2380 rc·

868 2450 923 2498 „
975 2397 1277 2476 troafilis
1333 2427 1505 2479 vera
1527 2403 1997 2502 experientia
2019 2403 2737 2504 comprobavimus,
2792 2403 3179 2490 Excelsarn
3210 2403 3578 2497 Urbem,

867 2550 922 2593 „
973 2497 1448 2614 nostramque
1472 2503 2056 2603 Rempublicam
2111 2506 2433 2606 quadam
2490 2506 2812 2583 naturali
2869 2503 3416 2585 convenientia
3452 2502 3568 2583 ,di-

865 2650 922 2694 ,‚
975 2598 1320 2712 leE'tJonis
1377 2603 1687 2682 vinculo
1743 2604 1899 2683 fore
1952 2605 2389 2700 conjunetas
2428 2661 2455 2703 ,
2530 2606 2891 2685 nimirum
2952 2605 3576 2705 pretermitamus

869 2748 925 2794 ‚‚
976 2723 1462 2814 antiquorum
1524 2708 2043 2786 Romanorum
2105 2707 2545 2790 Veneranda
2616 2709 2814 2808 gesta
2856 2763 2882 2804 ,
2956 2710 3130 2787 urbs
3186 2706 3323 2787 illa
3379 2703 3576 2804 justi·

867 2851 924 2897 2,
978 2823 1158 2914 tram
1215 2803 1451 2903 colit,
1504 2806 1935 2888 libertatem
1993 2830 2247 2903 tuetur
2289 2865 2315 2904 ‚
2384 2811 2460 2888 8<
2511 2811 2813 2889 Sacram
2870 2806 3365 2908 Religionem
3423 2831 3573 2886 ma·-

746 2948 764 2971 1
867 2949 924 2997 „
977 2925 1183 2982 xime
1239 2908 1697 2987 Veneratur.
1760 2912 1970 2990 Patet
2026 2931 2139 2991 tot
2186 2909 2451 2995 seculis
2498 2912 2789 3002 bellicis
2814 2910 3381 2995 discriminibus
3420 2906 3568 3007 agi-

866 3050 926 3098 „
980 3022 1180 3099 tata,
1233 3027 1349 3086 tot
1401 3009 1776 3090 livoribus
1828 3011 2204 3092 stimulata
2248 3065 2273 3108 ,
2348 3034 2461 3094 tot
2509 3011 2898 3095 immensis
2929 3013 3340 3093 laboribus
3392 3034 3568 3091 con-

863 3151 920 3203 „
969 3107 1292 3222 quassata
1343 3110 1525 3223 ,jn
1575 3138 1662 3192 ea
1713 3136 1976 3192 manet
2030 3115 2336 3215 Religio
2378 3169 2405 3211 ,
2478 3113 2557 3193 in
2614 3114 2762 3215 ipsa
2836 3115 3145 3194 libertas
3187 3162 3214 3212 -,
3291 3114 3376 3194 in
3432 3109 3566 3188 illa

862 3255 921 3302 „
971 3207 1280 3285 Christi„
1323 3209 1605 3290 Vtcarii
1661 3212 1988 3295 consistit
2039 3216 2427 3314 Cathedra
2505 3216 2935 3317 principalis
2976 3275 2994 3293 .
3063 3220 3143 3293 Ο
3199 3215 3569 3295 virtutem

864 3357 921 3399 υ
974 3328 1371 3422 maguam,
1422 3338 1471 3387 o
1521 3315 2019 3395 constantiam
2078 3318 2601 3412 ineffabilem,
2651 3348 2701 3397 o
2743 3316 3244 3420 digniffimam
3299 3315 3570 3395 Sedem

869 3455 923 3499 υ
975 3408 1271 3520 Summi
1330 3413 1807 3511 Apostolatus
1851 3473 1907 3495 ..
1949 3423 2129 3522 Que
2181 3420 2488 3518 quidem
2544 3421 2891 3503 collenda
2947 3417 3259 3521 vestigia
3304 3421 3570 3514 Proge-

870 3556 927 3599 „
979 3528 1261 3625 nitores
1318 3512 1592 3629 nostri,
1647 3544 1930 3620 nosque
1984 3521 2242 3598 conati
2290 3521 2589 3617 fumus,
2640 3546 3151 3621 conamurque
3192 3537 3567 3620 quantum

869 3658 923 3701 „
974 3613 1351 3705 possumus
1409 3618 1817 3698 immitari.
1871 3622 2193 3700 Constat
2248 3624 2454 3703 enim
2510 3623 2863 3721 antiquos
2919 3623 3202 3700 nostros
3256 3647 3397 3722 pro
3438 3622 3569 3695 EC·

869 3759 924 3800 „
977 3706 1191 3788 clefia
1246 3716 1510 3831 Saucia
1566 3718 1788 3817 Dei,
1861 3723 1936 3812 &
1990 3747 2125 3819 pro
2179 3720 2323 3800 fide
2376 3722 2787 3802 Catholica
2845 3722 3154 3822 peraelis
3209 3712 3568 3822 tempori·

866 3858 924 3901 „
979 3810 1116 3888 bus
1171 3818 1575 3915 exposuisse
1627 3823 1975 3919 personas
2018 3877 2043 3916 ,
2096 3847 2183 3899 ac
2238 3822 2630 3903 facultates
2683 3825 2843 3902 suas
2885 3879 2912 3917 ,
2986 3824 3195 3901 nulla
3248 3841 3567 3924 expave-

865 3961 920 4004 „
972 3910 1254 3992 scentes
1306 3918 1679 3999 bellorum
1712 3922 2217 4017 discrimina,
2273 3924 2672 4022 nullosque
2728 3927 3062 4004 labores.
3117 3926 3331 4028 Quid
3394 3924 3568 3999 vero

865 4061 918 4106 2,
971 4035 1106 4128 pro
1161 4021 1432 4097 tuenda
1458 4023 1926 4121 Republica,
1977 4023 2414 4101 &collenda
2462 4024 2734 4119 justitia
2789 4025 3391 4121 fecerimus,‘est
3419 4043 3567 4097 om·

867 4163 923 4205 „
978 4116 1199 4196 mbus
1249 4118 1422 4197 satis
1472 4145 1739 4199 notum
1783 4180 1801 4200 .
1862 4123 2108 4222 Igitur
2157 4125 2339 4222 quid
2400 4127 2602 4203 aliud
2657 4130 3113 4207 credendum
3170 4126 3565 4227 quid-cen-

868 4263 923 4305 „
975 4215 1334 4329 sendum,
1385 4245 1613 4333 quam
1660 4223 1858 4309 inte't
1914 4250 2095 4319 vos,
2147 4227 2221 4303 8<
2277 4252 2462 4319 nos,
2515 4226 2625 4305 uti
2682 4227 2782 4306 est
2837 4282 2864 4323 ,
2939 4251 3114 4304 vera
3172 4228 3256 4306 fit
3310 4225 3582 4307 statera

865 4362 921 4409 2,
974 4337 1216 4416 nitas,
1267 4317 1339 4397 8<
1382 4321 1785 4426 intrinseca
1834 4323 2203 4406 charitas:
2256 4325 2468 4407 Cum
2507 4323 2721 4427 juxta
2744 4329 3209 4412 Ciceronem
3257 4311 3565 4408 disertis÷

3080 4484 3136 4530 „
3187 4429 3458 4513 fimum
