3859 5342
433 325 467 429 '4
629 315 710 403 Da
742 313 1018 409 Ecctasra
1048 312 1485 407 Praktinerarur

362 464 591 577 ⁸rarorsaera
616 466 759 570 lipsana
784 471 826 555 in
856 469 1017 553 eandem
1043 466 1219 570 fueram,
1242 466 1592 563 utmordicemuc,
1616 476 1734 551 trane·

376 568 471 651 lara.
500 570 573 651 Sed
600 569 774 654 instituto
805 572 929 675 postea
954 573 1167 655 Olivolensr
1194 573 1420 676 Episcopatu
1442 562 1563 653 'Ursus
1589 568 1731 648 Badua-
1787 640 1790 667 ,

280 674 288 689 “
375 671 456 763 rius
480 695 732 775 opportunam
773 695 883 774 prout
920 699 1003 753 avo
1028 677 1097 755 illo
1123 676 1397 756 cathedralem
1424 670 1652 769 substituit,
1685 672 1725 750 &

373 771 645 877 Apostolorum
673 773 838 876 Principi
866 775 1078 857 dedicavit.
1695 858 1699 871 ,

353 928 386 991 '.
425 878 472 957 ln
501 874 718 972 hujusmodi
745 878 880 972 rebus,
904 902 989 977 qua
1016 898 1167 981 propter
1178 896 1517 959 monumentorum
1532 871 1723 953 defectum

225 1046 229 1051 .
374 999 497 1074 lacent
524 978 624 1058 inter
648 979 824 1059 tenebras
849 978 1119 1078 antiquitatis,
1145 978 1198 1059 ita
1224 981 1322 1083 apud
1348 1004 1410 1057 me
1438 976 1544 1057 statui
1566 1028 1580 1072 ‚
1604 995 1648 1053 ut
1674 998 1724 1054 ne

363 1077 558 1169 discedam
586 1102 753 1177 unquam
780 1104 802 1157 a
827 1079 1029 1162 Chronico
1057 1080 1259 1185 Danduli.
1286 1079 1439 1161 Scilicet
1467 1078 1542 1179 ipsa
1569 1100 1632 1155 me
1658 1075 1721 1154 do·

325 1236 330 1247 .
370 1178 455 1259 cuit
480 1178 713 1280 experientia
738 1180 938 1265 authorem
967 1182 1070 1264 hunc
1092 1238 1106 1279 ,
1132 1184 1170 1265 8<
1196 1203 1373 1264 accurato
1400 1178 1538 1261 mentis
1565 1176 1722 1273 lindio,

371 1277 409 1356 dr
435 1276 578 1361 sancero
604 1280 722 1361 animi
750 1283 911 1362 candore
939 1283 1114 1363 usumin
1142 1284 1336 1365 scribendo
1347 1281 1473 1362 fuisse.
1500 1277 1722 1359 Chronolo·

369 1376 410 1478 gi
438 1405 528 1462 vero
554 1382 715 1487 reliqui,
739 1385 804 1485 qui
832 1381 1036 1481 hvessediti,
1060 1383 1136 1465 srvc
1148 1412 1233 1468 mss.
1244 1384 1589 1473 circumferuntur,
1612 1403 1718 1478 aper·

328 1562 334 1573 ‚
370 1499 430 1564 tor
455 1508 599 1565 errores
627 1485 865 1576 identidem,
891 1482 928 1563 8(
955 1487 1075 1566 aniles
1102 1487 1246 1568 fabular
1271 1489 1530 1585 adoptarunt.
1559 1479 1621 1558 Est
1649 1479 1718 1579 igi·

369 1603 433 1663 tur
457 1611 526 1667 cur
552 1583 631 1665 illic
656 1607 765 1666 caute
792 1585 986 1682 diffidant,
1012 1587 1048 1667 dc
1076 1588 1252 1690 pauciora
1283 1588 1443 1690 potius,
1469 1584 1530 1665 sed
1556 1580 1718 1664 certiora

342 1707 390 1763 ·a
417 1686 599 1766 Dandulo
623 1706 795 1783 mutuata
821 1687 1064 1786 depromam.

418 1787 535 1888 Ipsius
562 1787 688 1889 itaque
698 1787 943 1888 Chronologi
971 1789 1190 1869 tchimonio
1210 1769 1717 1881 addiscimus,.Patavirios,

363 1906 593 1989 caeterosque
619 1887 794 1997 antiquar*
811 1891 982 1971 Venetia
1016 1892 1177 1992 populos
1212 1913 1318 1969 meru
1345 1890 1613 1978 Hunnorum,
1647 1878 1716 1982 qui

364 1986 433 2104 sub
456 1988 570 2087 Atila
592 1991 701 2069 Duce
728 1989 769 2071 in
796 1990 944 2071 Italiam
971 1992 1135 2071 secundo
1162 1990 1397 2092 irruperant,
1425 1980 1634 2097 epropriis
1655 2006 1716 2099 ur·
1796 1998 1810 2059 ’.

365 2089 477 2199 bibus
504 2089 679 2191 profugos
704 2091 752 2171 ad
778 2092 891 2175 maris
904 2093 1088 2175 Adriatici
1116 2091 1282 2171 astuaria
1307 2093 1344 2172 se
1371 2085 1596 2181 contulisse,
1622 2106 1716 2162 emr-

301 2290 303 2294 ,
356 2210 568 2294 ‘neuterque
593 2192 746 2293 paludes
782 2194 834 2275 ita
860 2196 905 2273 ad
935 2193 1215 2274 habitationum
1243 2193 1329 2272 usus
1357 2190 1425 2277 vel
1444 2186 1615 2288 aptaffe,
1648 2184 1715 2263 vel

362 2284 572 2392 persecilie,
592 2304 642 2375 'ut
669 2293 819 2391 firmas,
844 2295 1221 2398 nobilesquelnsulac
1244 2293 1542 2373 constituerent.
1567 2285 1713 2365 “Cum

359 2445 387 2489 „
413 2418 504 2474 vero
531 2415 644 2474 tanta
671 2396 910 2475 multitudini
939 2397 1029 2495 (ita
1054 2394 1458 2474 laudatuuDandulut
1485 2387 1710 2484 lib....cap.
1773 2402 1775 2417 '

359 2547 386 2591 n
414 2521 449 2572 V·
471 2520 546 2596 par·
570 2520 604 2572 v·
626 2495 640 2592 )
666 2496 848 2599 prodicta
876 2498 1012 2576 Insulae
1050 2523 1129 2575 non
1166 2496 1378 2575 sufficerent
1406 2491 1602 2571 Tumbam
1631 2509 1710 2566 nort

358 2649 385 2691 „
411 2594 525 2698 longe
552 2600 600 2676 ab
626 2597 686 2679 hic
711 2616 839 2687 entare
875 2598 917 2681 in
944 2597 1040 2677 rillio
1067 2618 1198 2700 portus
1225 2598 1530 2703 prospexerunt,
1566 2589 1707 2686 inqua

357 2749 385 2792 „
410 2698 664 2799 antiquiffima
691 2700 835 2779 moenia
862 2702 1090 2779 uidebantur
1115 2699 1280 2797 affuisle,
1306 2687 1712 2798 compertumqueest‚

355 2851 385 2895 „
410 2799 511 2879 hanc
534 2800 604 2879 esse
634 2799 765 2898 illam,
791 2802 831 2880 in
858 2828 932 2902 qna
960 2800 1120 2899 Troiani
1147 2803 1259 2880 Duce
1286 2800 1512 2879 Anthenore
1539 2787 1617 2891 post
1643 2808 1708 2867 ex·

346 2930 383 2997 5„
408 2899 552 2982 cidium
582 2901 706 3000 Trojae
734 2904 774 2984 in
801 2903 880 2983 srnu
896 2903 1092 2984 Adriatico
1119 2902 1295 3005 primitus
1323 2899 1707 3004 habitaverunt,·vo·

357 3055 386 3098 „
410 3023 499 3083 cata
521 3001 778 3102 priusTroja,
803 3004 926 3105 postca
955 3031 1046 3085 vero
1072 3030 1211 3108 pagos,
1238 3000 1329 3083 idest
1340 3000 1542 3091 Castrum,
1567 2992 1708 3070 Oltvu·

355 3139 385 3201 ,ε
406 3100 611 3188 losLatinc
631 3104 778 3187 ,dicitur
804 3107 895 3206 quid
924 3108 1104 3208 plenum,
1131 3107 1196 3184 ubi
1225 3130 1303 3183 non
1330 3101 1382 3181 est
1408 3101 1495 3178 dare
1516 3114 1709 3212 uacuum,

354 3256 383 3301 „
408 3207 447 3287 δι
472 3204 581 3286 in'ea
608 3207 855 3309 profugorum
884 3234 968 3313 pars
1005 3235 1084 3288 non
1111 3206 1272 3284 minima
1299 3205 1363 3282 sua
1390 3202 1558 3282 firmavrt
1583 3194 1708 3273 domt-

292 3366 304 3379 .
356 3302 521 3405 „-cilia,
548 3307 788 3408 Ecclesraq'trc
814 3310 881 3397 iub
910 3313 1099 3390 vocabulo
1126 3306 1349 3387 Studiorum
1377 3301 1533 3413 Sergii,
1558 3296 1595 3377 8<
1617 3295 1711 3373 Bac·

354 3460 382 3509 „
407 3404 507 3511 chi,
543 3406 598 3486 ibi
627 3407 750 3509 postea
776 3411 986 3491 conllrudia
1012 3411 1064 3492 est
1093 3436 1158 3510 per
1185 3408 1334 3490 nobiles
1362 3406 1560 3483 Tribunos
1586 3397 1709 3474 Vene-

352 3530 465 3605 „stos
492 3508 724 3592 Simachalet
752 3513 967 3594 nominator
989 3568 1003 3607 ,
1026 3511 1093 3612 qui
1119 3511 1459 3609 Cavatortatnunc
1485 3517 1704 3581 vocantur.

349 3608 488 3713 „glrlac
514 3638 664 3717 quoque
691 3614 949 3714 persecutione
976 3613 1149 3708 furente,
1176 3612 1229 3688 ait
1258 3608 1450 3717 Pontius,
1474 3599 1577 3704 quod
1602 3595 1707 3712 Urbi

350 3761 379 3808 „
405 3710 578 3817 Venetia
607 3741 708 3799 nunc
736 3716 898 3814 florens,
921 3716 1127 3816 deputent,
1153 3708 1518 3811 conditavreperitur
1543 3703 1592 3781 ab
1618 3699 1703 3794 hrt,
1832 3732 1837 3737 ¹

351 3863 379 3907 n
400 3813 469 3995 &oi
496 3815 542 3893 de
571 3812 772 3899 Provincia
799 3820 947 3897 Veneta
974 3839 1108 3895 manus
1137 3815 1249 3893 Atilae
1277 3811 1477 3991 sufferunt.
1570 3840 1574 3849 ·

352 3970 358 3981 ·
442 3942 493 4023 ou
520 3937 648 3999 tamen
674 3942 831 4014 omnes,
857 3918 923 4021 qni
939 3914 1453 4019 exiiscladibuseuaerant,
1479 3922 1700 4023 perpetuam

348 4010 416 4097 fibi
434 4012 485 4126 io
510 4012 559 4098 iis
586 4018 723 4098 insulis
748 4019 850 4101 sedes
877 4016 1076 4116 fixerunt,
1113 4017 1267 4119 plurimi
1295 4015 1402 4096 enim
1422 4014 1564 4115 sedans
1582 4028 1701 4121 gnara-
1741 4112 1743 4117 ,

342 4110 505 4230 stamius
529 4121 545 4220 (
570 4114 613 4200 fit
640 4119 796 4201 testatur
831 4121 907 4200 loci
935 4120 1042 4200 citati
1069 4144 1146 4222 par.
1168 4144 1204 4200 x.
1231 4117 1435 4198 Dandulus
1460 4115 1474 4214 )
1502 4107 1552 4226 qd
1571 4127 1700 4217 priora

347 4213 543 4299 domicilia
563 4218 776 4318 redierunt,
801 4219 923 4301 caeterr‘
941 4248 1031 4301 vero
1061 4218 1108 4301 de
1128 4216 1400 4305 recidimationr
1426 4214 1637 4296 dubrtnntes
1658 4230 1701 4283 m

347 4318 483 4423 Infulis
501 4322 780 4427 remanserunt,
804 4323 855 4405 Θ
874 4318 1052 4430 potestas
1064 4319 1249 4425 plurimas
1269 4318 1473 4428 secundum
1493 4304 1702 4498 carrezeda-

1531 4445 1580 4503 νο
1635 4459 1648 4480 ·
