3859 5342
128 595 155 637 „
182 497 305 617 Vaditx
321 560 426 638 pars,
453 555 495 616 ut
512 534 597 635 ‚ipsa
624 532 739 612 Beata
766 533 888 635 Virgo
912 553 997 614 oret
1023 412 1468 638 jugiterproboniylirtu

11 683 17 690 -
174 695 202 738 „
229 637 376 731 nostro,
401 639 437 718 8<
462 637 772 729 conservatione,
797 635 834 713 8<
860 639 1198 737 augumentarione
1232 640 1341 740 hujus
1355 637 1474 719 nostri
1584 647 1587 651 ’

177 796 211 839 ‚,
234 736 638 834 benediciiDominii‚
663 739 764 839 quod
790 736 889 815 dicia
908 741 986 819 dics
1011 741 1172 821 secunda
1199 741 1334 823 mensis
1358 741 1489 842 Iulii„

178 897 205 940 ,‚
231 845 271 922 in
284 869 356 944 qua
376 840 518 920 diuum
531 837 750 934 ciseium,
778 864 904 934 nunc,
927 842 966 918 sic
991 843 1037 919 de
1049 845 1413 938 caeteroosnnianno
1425 843 1478 920 so

178 997 207 1040 ‚,
233 945 485 1040 somniatur,
508 943 545 1022 dc
571 941 613 1019 su
640 939 771 1020 sosium
799 941 991 1039 solemne,
1014 942 1194 1025 &debeat
1220 951 1270 1023 ab
1295 944 1477 1024 omnibus

177 1099 207 1143 „
233 1073 301 1149 pro
326 1043 417 1225 sego
442 1043 602 1164 solemni
627 1042 845 1154 celebrum,
871 1040 963 1125 sicut
990 1043 1088 1126 liunt
1112 1069 1236 1129 cetere
1263 1046 1478 1127 solemnita-

177 1201 206 1246 ῃ
232 1168 288 1231 tes
313 1172 355 1227 Of
384 1169 520 1254 maile·
1423 1176 1426 1180 ’

111 1431 113 1435 ,
583 1346 723 1453 Quinto
751 1355 877 1428 Nonas
895 1344 1024 1452 Jusr'i.
1453 1376 1472 1449 3

128 1451 353 1533 Consuariae,
376 1449 417 1531 in
446 1450 585 1549 Anglii
611 1452 736 1530 Saucii
763 1451 992 1532 Lansranchi
1022 1449 1195 1554 Episcopi
1223 1451 1259 1530 8<
1285 1448 1479 1529 Coosesso

179 1555 231 1634 ris
257 1556 328 1634 viri
354 1555 524 1644 docirina
550 1553 588 1631 ἃ
614 1557 752 1654 pietate
780 1554 931 1631 illusiris
956 1555 1051 1652 (a).
1563 1623 1568 1628 ,

125 1654 174 1754 (ἀ
228 1656 573 1736 ECruciserorum
603 1656 819 1746 haereditare
859 1656 1013 1733 devenit
1049 1656 1095 1733 ad
1124 1657 1249 1732 Patres
1275 1650 1475 1731 Societatis
1576 1699 1581 1706 ·

198 1759 261 1836 esu
288 1759 415 1858 Caput
443 1755 568 1836 Sardi
595 1756 820 1835 Lunsronchi
846 1757 1020 1856 Episcopi
1039 1753 1347 1850 Cantuariensrs,
1372 1752 1475 1854 quod

173 1879 352 1961 argentea
377 1862 489 1938 theca
514 1859 700 1939 inclusum
740 1859 809 1936 bac
835 1860 897 1936 dre
931 1858 971 1935 in
999 1860 1146 1957 propria
1174 1855 1337 1934 Ecclesia
1363 1879 1477 1955 expo·

21 1955 52 2046 'b
171 1984 295 2054 nunt,
322 1961 359 2039 8<
385 1959 514 2040 officio
528 1957 782 2038 Ecclefiusiico
808 1961 876 2037 sub
902 1959 980 2035 ritu
1007 1961 1148 2060 duplici
1174 1962 1328 2036 colunt.
1356 1958 1477 2049 Sunt,
1633 1991 1635 1994 ·

171 2062 239 2160 qui
266 2088 356 2139 eum
382 2057 444 2139 die
473 2091 530 2160 24
561 2061 701 2158 Aprilis
727 2061 881 2153 obiisse,
906 2061 1066 2138 asserunt
1090 2115 1103 2155 ‚
1124 2083 1165 2137 at
1191 2084 1260 2138 uos
1289 2061 1503 2138 Veneram.

172 2163 373 2239 Societatis
410 2160 761 2257 lesnaedenan,
798 2159 997 2259 pluresque
1024 2165 1202 2239 authores
1238 2159 1284 2238 de
1311 2184 1358 2238 eo
1385 2157 1473 2250 scri·

172 2264 308 2344 bentes
333 2262 506 2364 sequuti,
532 2266 602 2341 hac
629 2259 691 2338 die
717 2260 829 2361 ipsius
855 2261 1081 2341 memoriam
1109 2259 1323 2363 posuimus.

392 2503 396 2510 ·
588 2471 732 2565 ,Quarto
750 2473 876 2541 Nonas
886 2472 923 2565 J
924 2458 1015 2541 ulii.
1453 2495 1481 2564 4

122 2563 306 2665 Augusto
333 2565 374 2643 in
400 2564 541 2646 Rhetia
567 2565 874 2670 SpnciiUidarici
901 2565 1074 2667 Episcopi
1101 2563 1180 2666 (a).
1201 2564 1477 2646 miraculorum
1542 2613 1607 2636 «κ

208 2665 303 2743 satin
330 2668 504 2746 illustris.

127 2693 246 2866 Α’ξυά
276 2765 511 2869 Mitylenem
539 2765 661 2848 sanai
683 2768 841 2847 Andreae
868 2767 1043 2869 Episcopi
1070 2764 1263 2848 Cretensis
1287 2764 1378 2868 (b).

121 2870 199 2966 (a)
227 2867 356 2970 Caput
383 2872 418 2948 S.
445 2871 616 2949 Uldarici
642 2869 851 2967 Episcopi,
888 2872 925 2946 dc
951 2867 1182 2948 Consesioris
1207 2869 1407 2948 ostendunt
1436 2871 1477 2948 in

168 2969 429 3048 sua'Ecclesra
454 2974 685 3047 collocatum
701 2971 845 3045 Fratres
856 2969 1077 3046 Carmelitu
1103 2970 1269 3068 auriquae
1281 2969 1479 3052 observan-

117 3079 119 3088 ’
174 3070 267 3163 tiu,
293 3070 399 3165 cujus
426 3070 481 3148 rei
506 3069 654 3147 assertio
678 3093 766 3148 cum
790 3069 1387 3165 nullisroborerurdocumenris‚
1415 3069 1480 3147 vix

176 3169 314 3248 adduci
340 3170 518 3284 possum,
552 3192 593 3251 ut
619 3172 794 3266 credam,
818 3170 863 3247 ad
887 3170 1036 3251 Diuum
1047 3171 1270 3276 Ulduricum
1297 3169 1478 3272 Augusta-

182 3293 277 3350 num
306 3293 514 3371 perrrnere.
1195 3301 1200 3312 ’
1428 3301 1433 3308 ·

118 3369 202 3470 (b)
230 3371 312 3451 Hac
338 3372 399 3450 die
427 3374 472 3451 de
500 3373 650 3453 Andreu
675 3373 864 3474 Episcopo
890 3374 1063 3454 Cretenfi
1099 3396 1215 3471 agunt
1246 3372 1479 3476 Agiogrophi

180 3473 476 3574 Antuerpienses
500 3498 547 3555 ex
573 3475 825 3577 Scriptoribos
851 3478 1023 3556 Graecis.
1061 3479 1248 3576 insignem
1278 3478 1372 3556 Divi
1402 3482 1480 3555 An·

179 3576 279 3654 dreu
303 3575 496 3660 Cretenfis
521 3575 738 3677 Reliquiam
765 3580 1052 3657 enuntiavimus
1087 3582 1132 3656 ad
1155 3577 1363 3660 Ecclesiam
1395 3580 1481 3657 Mo·

166 3674 344 3755 'nialiurn
373 3678 497 3757 Tertii
526 3679 681 3757 Ordinis
706 3679 928 3780 Seraphici,
950 3681 1128 3761 Sansium
1142 3681 1365 3784 Sepulcrum
1388 3705 1483 3761 nun·

179 3800 384 3878 cuparum,
408 3803 492 3881 quae
515 3781 582 3862 sali
609 3780 786 3861 thesauro
811 3784 975 3863 dicutur.

587 3978 1003 4087 cururldussusir'.
1460 3988 1482 4063 8

129 4079 259 4164 sinai
289 4080 392 4160 Pauli
422 4082 838 4189 Constantinopolirnni
870 4085 1055 4191 Martyris
1081 4087 1154 4188 (a)
1175 4088 1320 4188 ‚cujus
1344 4109 1483 4186 corpus

119 4222 123 4230 ·
185 4187 229 4260 in
257 4183 491 4272 Monasterio
517 4189 553 4265 S.
573 4188 728 4289 Georgii
758 4189 917 4287 Maioris
940 4190 1162 4292 requiescis.

130 4287 181 4367 in
213 4285 401 4364 Palaesiina
439 4286 564 4365 sancii
593 4290 776 4391 Procopii
795 4290 1017 4393 Martyris,
1051 4294 1116 4393 qui
1144 4291 1212 4371 sub
1239 4285 1485 4370 Diocletiano

187 4387 431 4490 Imperatore
441 4388 563 4488 cupite
589 4390 703 4480 caesus
728 4391 779 4471 esi
804 4387 898 4491 (b).
1313 4492 1347 4568 V

330 4499 334 4610 l
404 4533 408 4541 ·
639 4548 642 4556 -
1351 4514 1434 4569 cne-
