3859 5342
336 649 339 656 ¹
442 617 678 719 positarumu

502 365 613 480 184*
692 360 771 446 Dic
803 357 1074 456 Ecciasta
1106 357 1538 444 Pitutincuiit

442 511 616 616 eoquod
642 514 680 590 su
710 511 914 592 tadiximus
941 530 1193 592 monumento
1220 510 1415 612 sepultus,
1443 509 1546 589 nulla
1573 528 1701 588 tamen
1722 533 1779 608 ap
1823 491 1828 498 ¹

682 537 721 692 io
733 613 1003 714 inscriptione,
1028 612 1069 690 itt
1090 637 1138 690 eo
1164 631 1291 691 autern
1318 613 1454 695 sacello
1477 607 1708 712 insculptum
1729 610 1779 690 le·

442 719 546 819 gitur
571 717 809 817 incomptum
837 715 910 796 hoc
936 713 1190 815 epigramma.

1904 787 1906 876 l

445 884 600 994 Olim
630 880 923 993 Franciscus
956 880 1343 998 Vcndramenus
1374 884 1585 992 Venetae
1617 874 1780 990 Urbis
1905 881 1906 956 l

604 1046 671 1149 Et
691 1037 988 1149 Patriarcha
1005 1040 1118 1190 pius
1135 1027 1383 1199 dignus&
1404 1035 1636 1146 Ecclesia

501 1200 647 1308 Atlas
688 1226 776 1308 aut
817 1196 997 1304 Cardo
1039 1202 1258 1307 aPaulo
1278 1197 1486 1338 Quinto
1528 1221 1728 1300 creatus

578 1359 783 1504 Inclyta
823 1354 1097 1508 progenies
1139 1355 1368 1464 moribus
1409 1352 1648 1506 ingenuis

482 1518 600 1624 Fert
619 1518 870 1623 Fraternae
888 1511 1224 1665 Eiiangelistae
1242 1514 1392 1622 Crux
1425 1514 1756 1617 simulacrum

530 1672 805 1780 Vexillum
823 1667 1027 1796 Christi
1061 1710 1199 1779 mors
1234 1696 1369 1781 tenet
1401 1668 1491 1776 illa
1523 1706 1707 1775 manu.

499 1929 545 2005 ln
572 1924 737 2007 Eccieua
763 1926 799 2003 S.
828 1925 963 2005 Maria
990 1926 1192 2007 Servorum
1220 1926 1264 2006 ad
1291 1927 1402 2029 pedet
1430 1922 1660 2020 Maniolai,
1687 1921 1808 2024 quod,

448 2028 609 2109 nnireae
640 2026 894 2107 Vendrameni
923 2026 1044 2107 Ducit
1070 2029 1261 2107 memoria
1297 2027 1462 2108 ereetum
1500 2026 1631 2105 vifitur
1657 2047 1791 2103 momi-
1907 2057 1908 2086 i

448 2150 622 2207 mentum
652 2130 923 2228 (nontamen
952 2125 1017 2205 nbi
1044 2129 1057 2223 )
1085 2129 1174 2229 poni
1202 2130 1348 2207 curavit
1377 2124 1791 2208 FranciscutCardina·
1907 2119 1908 2158 ³

447 2228 517 2308 lis.
544 2228 630 2307 Hoc
659 2228 808 2324 testatur
836 2227 951 2306 incisa
978 2227 1179 2329 epigraphe
1208 2231 1338 2308 Fianc.
1366 2227 1506 2322 Sanciae
1527 2229 1709 2306 Romanae
1720 2225 1790 2307 Ec·

448 2327 566 2410 clefiae
592 2330 706 2409 Card.
734 2328 1020 2407 Vendrameno.
1174 2347 1178 2356 ’

498 2484 527 2525 ,,
553 2430 685 2507 Franc.
711 2429 747 2507 S.
760 2429 806 2507 R.
819 2429 862 2505 Ε.
889 2429 1004 2506 Card.
1033 2429 1317 2510 Vendratiienuc
1345 2431 1441 2508 Patr.
1469 2430 1606 2506 Vener.
1636 2424 1790 2504 Dalma-

450 2681 477 2727 „
503 2629 551 2706 C.
581 2633 693 2708 Anno
723 2629 942 2708 Mncxviii.

502 2728 648 2807 XVlll.
675 2732 838 2827 Ioannes
866 2731 1099 2834 Theupulo,
1125 2758 1237 2835 quem
1267 2757 1313 2812 ex
1340 2734 1460 2812 Laura
1484 2728 1792 2832 BragadenoAu·

452 2828 621 2929 guttinus
649 2832 857 2930 Theupulo
896 2833 1088 2933 suscepit,
1126 2837 1172 2913 ab
1199 2836 1275 2936 ipsa
1304 2833 1459 2912 infantia
1486 2834 1525 2912 in
1556 2830 1729 2924 litteris,
1753 2831 1791 2909 &

453 2930 602 3028 pietate*
621 2931 736 3012 miros
763 2932 852 3011 fecit
879 2936 1104 3034 progressus.
1131 2935 1313 3035 Juvenis,
1339 2935 1429 3013 dum
1458 2936 1577 3034 prima
1594 2934 1795 3034 capesseret

449 3029 685 3129 Reipublicae
714 3034 876 3128 munia,
902 3061 922 3110 a
951 3037 1037 3115 Deo
1064 3058 1242 3116 evocatus
1268 3036 1451 3114 Clericali
1478 3035 1624 3114 militia:
1652 3055 1795 3112 nomen

323 2611 325 2614 ,
450 2581 477 2625 ,,
503 2528 637 2629 tiaeque
666 2529 807 2609 Primae
834 2529 952 2608 Andr.
980 2528 1101 2611 Ducit
1128 2529 1417 2633 Ptonepothoe
1445 2527 1791 2609 monumentuml'.
1907 2541 1908 2586 ³

452 3132 579 3228 dedit,
605 3134 640 3212 8<
669 3134 915 3214 Primiceriali
944 3135 983 3212 in
1013 3136 1166 3215 Basilica
1196 3136 1289 3215 Divi
1321 3137 1444 3216 Marci
1470 3136 1655 3237 dignitate
1682 3159 1791 3213 orna·
1908 3157 1909 3178 ³

451 3254 512 3311 tus
538 3258 640 3311 antio
668 3233 783 3312 Mne.
810 3236 845 3314 se
872 3235 916 3313 ad
944 3235 1186 3317 ecclesiastica
1215 3236 1331 3315 studia
1359 3258 1482 3316 totuin
1506 3235 1724 3329 convertit,
1751 3252 1795 3312 iit

453 3334 574 3411 abeo
601 3333 700 3413 edita
727 3336 974 3416 laudatissima
1008 3363 1121 3439 opera
1146 3341 1296 3418 abunde
1333 3336 1548 3433 testantur,
1583 3361 1665 3436 quae
1694 3335 1797 3413 inter

453 3431 618 3513 indicem
646 3434 708 3512 seii
735 3437 965 3538 Catalogum
994 3463 1062 3519 ms.
1090 3440 1246 3535 texuit,
1271 3464 1403 3519 eorum
1433 3438 1589 3517 nomina
1614 3435 1797 3515 exhiben-

451 3550 566 3631 tem,
598 3535 665 3635 qui
692 3534 867 3636 singulari
905 3538 1149 3619 sanctimonia
1177 3541 1217 3619 in
1244 3541 1349 3621 Urbe
1376 3543 1524 3619 Veneta
1550 3541 1795 3619 floruerunt.

452 3638 583 3732 Quare
610 3637 798 3716 crescente
826 3639 971 3719 indict
998 3640 1146 3742 pietatis
1172 3639 1275 3737 ejus,
1301 3642 1338 3719 8<
1363 3639 1543 3719 doilrinae
1570 3637 1794 3718 samaFran-

451 3734 759 3816 ciscoCardinali
775 3740 998 3820 Patriatchae
1023 3739 1224 3835 desundo,
1252 3741 1422 3821 universa
1449 3739 1795 3842 civitateplaudeti·

453 3855 830 3931 te,annoxucit1x.
856 3840 999 3920 diexir.
1028 3843 1261 3924 Novembris
1288 3842 1490 3924 sufficitur.
1518 3840 1661 3924 nunus
1689 3860 1795 3948 tpnta

452 3935 637 4037 dignitate
665 3939 764 4018 nihil
794 3964 989 4043 propterea
1024 3943 1068 4019 de
1097 3944 1220 4043 priore
1247 3944 1400 4023 vivendi
1440 3943 1613 4024 instituto
1651 3941 1798 4026 remisit

453 4061 518 4154 aut
545 4039 788 4135 immutavit,
815 4043 854 4120 in
882 4042 1005 4142 gregis
1031 4068 1121 4122 cura
1147 4045 1363 4139 sollicitus,
1391 4045 1431 4124 in
1458 4070 1637 4148 pauperes
1663 4043 1800 4123 libera·

450 4138 530 4253 ¹¹⁸)
566 4139 604 4218 dc
631 4141 670 4219 in
700 4143 835 4219 Diuini
864 4144 989 4221 cultus
1013 4166 1245 4242 augumento
1272 4147 1488 4246 religiosus.
1515 4145 1796 4228 Cathedtalem

451 4238 549 4353 Diri
578 4242 677 4321 Petri
705 4241 932 4335 Ecclesiam,
958 4269 1071 4343 quam
1099 4272 1120 4323 a
1147 4245 1401 4327 fundamentis
1428 4249 1800 4330 renovaiiCardina·

451 4338 658 4424 lisPtiolut
684 4344 872 4443 precessor
898 4344 976 4446 eius
1002 4345 1147 4449 pridem
1174 4347 1344 4449 jusserat,
1371 4350 1805 4532 ipiegtaiibusiinpen·

1715 4478 1747 4533 is
