3859 5342
497 357 601 437 160v
685 352 764 435 Da
796 353 1066 439 Eccuas1a
1100 347 1530 435 Pararaacuatt

436 504 534 602 „ad
560 500 738 582 sinistram
766 501 988 594 declinasse,
1013 500 1332 600 quemadmodum
1355 500 1476 598 &ego
1487 492 1674 598 progreliu
1686 491 1775 580 tim.

433 657 461 702 ‚,
488 603 590 703 poris
614 605 875 702 experimento
901 603 1098 700 cognovi.
1135 601 1250 679 Nihil
1285 603 1381 678 adeo
1405 601 1453 676 ira
1473 596 1544 676 illo
1569 596 1774 682 admiratus

312 776 321 804 .,
432 757 460 801 ,‚
487 705 591 798 lutat,
617 730 728 802 quarn
756 702 1069 803 perseverantiam
1098 702 1208 801 ipsius
1235 701 1334 779 haud
1362 700 1487 778 minus
1514 700 1553 776 io
1577 700 1773 779 rebusexi·

431 859 458 902 ‚‚
485 805 603 903 guia,
638 805 782 905 &qua
809 806 854 881 ad
880 804 1105 893 cerimonias
1142 825 1289 880 tantum
1317 801 1461 879 ordinis
1498 800 1769 899 pertinerent,

429 958 459 1002 „
483 930 596 1004 quam
625 906 665 983 io
694 905 872 1006 reliquit,
895 930 978 1004 quae
1006 904 1155 999 majoris
1181 905 1304 982 forent
1331 901 1599 993 difficultatis,
1622 927 1667 978 ac
1692 928 1770 981 mo·

429 1049 458 1105 5,
485 1005 637 1083 menti:
664 1005 690 1084 fi
715 1008 912 1107 quiscum
941 1007 980 1082 in
1007 1007 1167 1098 Chore,
1193 1005 1233 1082 in
1260 1005 1390 1102 primis
1415 1000 1702 1098 &Relebiorim
1727 1027 1769 1085 ac

429 1159 458 1203 „
486 1107 986 1205 Monacltorumcongrellu
1024 1107 1304 1204 contemplatus
1339 1103 1491 1182 luisset:
1529 1100 1629 1179 nihil
1655 1127 1703 1182 eo
1723 1103 1770 1186 in

430 1258 460 1305 „
486 1207 656 1285 moribus
682 1208 912 1305 elegantiori
930 1208 1069 1284 merito
1096 1208 1305 1284 fateretur.
1342 1210 1424 1304 Age
1453 1228 1543 1280 vero
1569 1202 1652 1297 iia,
1686 1223 1770 1304 quar

430 1359 459 1405 ,‚
484 1308 630 1407 potiora
656 1309 917 1388 existimantur
943 1307 982 1384 in
1011 1308 1236 1406 Religione‚
1261 1307 1299 1386 ur
1325 1303 1497 1407 grauiora
1522 1329 1566 1381 ac
1594 1303 1770 1385 laborum

431 1461 460 1503 „
486 1411 631 1508 plena,
667 1431 796 1509 utpote
825 1406 998 1506 vigiliae,
1036 1407 1205 1503 jejunia,
1241 1406 1467 1500 silentium,
1500 1406 1700 1501 solitudo,
1735 1406 1773 1486 dt

425 1561 454 1603 ‚,
480 1508 815 1610 cateraidgenuc‚
840 1509 948 1609 quis,
973 1534 1065 1603 oro,
1095 1512 1273 1608 Mapbaeo
1286 1506 1528 1608 vigilantior,
1553 1505 1769 1606 quineut'ta

426 1661 456 1704 ‚,
479 1612 635 1789 guidem
663 1608 772 1689 nodie
798 1611 930 1687 divino
956 1611 1078 1688 cultui
1116 1610 1155 1687 in
1185 1610 1329 1710 templo
1355 1606 1510 1687 deluit?
1548 1606 1680 1684 Media
1706 1632 1772 1685 no·

425 1759 455 1807 aa

517 1732 657 1790 etune
682 1711 728 1790 ad
755 1710 983 1790 matutinam
1010 1711 1180 1809 synaxim
1208 1736 1272 1809 per
1298 1732 1423 1789 totum
1450 1706 1539 1788 anni
1558 1706 1774 1805 circulum,
1906 1747 1908 1782 s

427 1862 456 1905 ‚,
482 1809 556 1890 five
584 1811 727 1906 allate,
752 1810 829 1890 sure
855 1810 995 1913 hyeme
1023 1816 1265 1910 turgebatur,
1290 1835 1379 1890 cum
1409 1810 1508 1909 ipse,
1534 1829 1600 1887 aut
1627 1808 1774 1910 primus
1906 1877 1907 1884 i

427 1962 455 2005 ‚,
481 1914 647 2012 semper,
672 1933 737 1991 aut
764 1911 862 1992 inter
889 1911 1031 2012 primm
1053 1914 1308 1990 conveniret.
1334 1909 1614 1991 Abllinentiam
1642 1909 1685 1989 in
1710 1936 1772 1992 eo·

428 2063 456 2105 ‚‚
481 2013 567 2090 dean
595 2014 780 2108 laudare,
804 2011 957 2113 cibique
982 2036 1026 2093 ae
1051 2036 1163 2111 potus
1190 2013 1407 2113 parcitatem
1446 2011 1675 2111 superfluum
1701 2011 1771 2090 du·

424 2163 456 2209 ‚,
480 2138 557 2193 co:
584 2116 735 2214 quaudo
768 2113 995 2213 jejuniorum
1034 2116 1351 2210 observatorem,
1384 2113 1694 2208 accuratiorem,
1729 2112 1771 2194 8(

426 2214 697 2309 „delitiarum
732 2236 1036 2313 contemptorem
1076 2240 1201 2314 parem
1240 2215 1297 2293 illi
1335 2214 1509 2294 noverim
1537 2212 1733 2292 nemiuem
1758 2269 1774 2295 .

418 2323 686 2418 „Nunquam
714 2342 843 2395 revera
870 2315 949 2393 vidi
976 2317 1167 2414 aliquem,
1191 2317 1257 2416 qui
1286 2316 1377 2395 uino
1404 2316 1551 2416 parcius
1577 2336 1772 2396 ureretur.

423 2464 453 2511 „
479 2418 526 2493 ln
554 2415 689 2496 vestitu
714 2418 837 2495 sordes
865 2417 1023 2494 vitavit:
1051 2418 1201 2494 nullum
1230 2438 1357 2495 tamen
1385 2439 1550 2517 unquam
1573 2414 1772 2495 uestimen-

1771 379 1778 384 ’
1900 327 1906 502 l

425 2566 454 2612 ‚‚
480 2535 562 2594 tum
590 2518 683 2596 luxu
709 2517 955 2618 conspicuum
982 2517 1145 2612 detulit,
1169 2519 1278 2597 sacra
1305 2518 1492 2618 scriptura
1520 2515 1684 2598 lectione
1710 2518 1773 2596 de·
1898 2613 1902 2622 .

427 2665 455 2712 „
481 2615 638 2696 lediatus
664 2618 800 2697 allidue
837 2617 1001 2697 orationi
1038 2621 1225 2699 vacabat.
1263 2619 1313 2697 Et
1341 2619 1404 2697 hic
1440 2617 1475 2697 ei
1503 2617 1648 2718 semper
1685 2642 1773 2699 moa

424 2741 455 2810 ⁴„
481 2715 553 2796 fuit
572 2739 665 2814 ‚·ut
692 2717 769 2818 poll
797 2679 948 2818 ligilias
975 2720 1209 2815 noeturnae,
1244 2722 1329 2798 aliis
1367 2721 1632 2816 abeuntibus,
1669 2718 1776 2799 solua

425 2870 458 2913 ‚,
481 2818 557 2917 ipse
584 2818 623 2895 iu
649 2820 786 2900 Choro
811 2821 1031 2920 aliquandiu
1058 2844 1288 2903 remaneret.
1316 2822 1448 2899 Sermo
1470 2820 1509 2899 ei
1537 2819 1608 2898 luit
1637 2844 1772 2917 parcua

425 2969 453 3012 „
478 2919 516 3000 8<
541 2918 665 3019 gravis
686 2925 709 2999 ε’
733 2922 951 3022 semperque
977 2925 1025 3000 ab
1050 2924 1159 3001 omni
1187 2923 1342 3002 levitate
1369 2923 1608 3026 abborreor,
1635 2921 1771 3001 selena.

422 3057 450 3115 „
476 3045 549 3119 que
576 3017 618 3099 io
645 3020 893 3123 multiloquio
921 3049 999 3102 non
1025 3024 1383 3124 deellepeccatum·‚
1410 3025 1568 3103 cavebat
1598 3022 1771 3124 proviti-

413 3164 451 3216 ,„
477 3123 546 3200 bus
573 3122 794 3220 prolixiores
820 3122 1177 3204 confabulationes.
1201 3124 1348 3203 Idcirco
1376 3124 1532 3203 studiose
1569 3125 1605 3200 se
1633 3122 1674 3202 iu
1696 3122 1770 3203 cel·

422 3271 451 3317 „
476 3221 555 3300 lula
581 3226 835 3304 continebat:
852 3234 933 3305 Nec
962 3225 1050 3317 inde
1076 3226 1187 3306 facile
1212 3226 1495 3326 egrediebaturr
1522 3224 1590 3304 nisi
1616 3249 1708 3303 cum
1730 3222 1771 3304 ei

423 3373 452 3420 „
477 3345 525 3400 ex
550 3321 680 3402 officio
706 3328 817 3403 rebus
846 3326 1069 3405 Monallerii
1095 3328 1368 3408 consulendum
1396 3327 1514 3408 foret.
1538 3328 1769 3406 Cooabatut

394 3453 450 3517 ‘n‘
475 3444 580 3520 pater
607 3424 774 3526 optimus
800 3427 920 3527 magis
945 3426 1063 3523 ladio,
1088 3451 1205 3528 quam
1229 3431 1347 3508 uerbo
1370 3431 1419 3508 ad
1445 3431 1543 3508 bene
1567 3427 1771 3526 sanaeque

420 3575 448 3619 „
475 3523 680 3606 vivendum
720 3533 923 3627 provocare
959 3528 1061 3609 filios
1083 3533 1194 3624 suot,
1219 3527 1398 3630 castigans
1420 3529 1594 3631 quotidie
1626 3549 1771 3628 corpua

422 3676 449 3721 „
473 3625 606 3723 suum,
633 3628 670 3705 ἃ
696 3628 738 3707 in
764 3628 983 3710 seruitutem
1014 3630 1216 3728 redigam.
1242 3628 1548 3711 Mileritordiam
1576 3651 1667 3707 uero
1688 3682 1703 3724 ‚
1728 3627 1769 3707 lit

421 3775 449 3821 „
474 3726 689 3825 pietatem,
724 3731 1060 3830 eleemosynarum
1078 3732 1342 3829 ‘largitionem¹
1368 3732 1409 3812 in
1445 3757 1492 3811 eo
1528 3730 1614 3833 quis
1639 3728 1769 3830 dignit

420 3874 449 3920 ,‚
473 3826 559 3908 satit
585 3830 759 3911 laudibus
784 3831 947 3909 efferat?
973 3830 1065 3909 Erat
1090 3831 1167 3934 ipse
1191 3832 1345 3933 quidem
1371 3833 1558 3930 robusto,
1583 3857 1628 3913 ac
1655 3847 1777 3932 urge-

421 3949 453 4021 „·
475 3947 516 4004 to
542 3955 731 4030 corpore,
766 3933 804 4010 δι
829 3931 894 4032 qui
923 3930 1101 4011 rariffime
1126 3937 1227 4014 mala
1250 3934 1378 4036 alique
1404 3935 1627 4021 valetudine
1650 3929 1774 4013 corri-

420 4077 448 4124 „
473 4048 642 4127 petetur.
671 4033 812 4113 Nescio
838 4054 966 4112 tamen
992 4059 1040 4112 aa
1067 4034 1186 4114 alium
1212 4034 1463 4135 agnoverim
1484 4036 1550 4138 qui
1577 4034 1651 4115 illo
1672 4029 1776 4116 exti-

419 4178 449 4226 ‚,
474 4129 587 4227 terit,
611 4157 699 4235 erga
726 4131 899 4212 infirmos
922 4134 1142 4235 debilesque
1166 4136 1416 4218 clementior.
1442 4144 1554 4241 Quor
1580 4137 1777 4216 nimirum

420 4279 450 4324 „
474 4229 511 4308 ἃ
537 4234 666 4313 crebra
694 4231 907 4313 visitatione
934 4236 1154 4333 solabatur,·
1172 4237 1213 4320 dt
1236 4238 1345 4319 omni
1368 4238 1525 4321 fouebat
1550 4234 1774 4317 ministeriu

419 4378 449 4429 η
470 4332 697 4426 charioris.
722 4334 910 4438 Egenos,
944 4335 1175 4439 diluam,
1207 4340 1438 4444 atataliquaz
1452 4341 1769 4530 mhinitaoesopa

1619 4459 1714 4544 Pii·

1721 4665 1847 4735 ‚r
