3859 5342
450 404 663 494 Sinoni
696 408 872 492 Pressit
905 404 1212 495 Arosroi'i,
1376 416 1437 493 8(

35 576 36 587 ¹
165 607 191 654 ‚,
216 557 401 657 screpante
428 556 666 657 direximus,
694 558 890 660 ipsumque
916 559 1143 641 confratrem
1171 558 1337 639 noslrum
1364 557 1426 641 die
1452 560 1508 641 ul·
1538 558 1545 565 ’

165 708 192 756 „
217 658 314 739 timo
342 660 573 741 Novembris
610 662 648 739 in
679 662 893 740 Dominum
925 662 1105 740 Nollrum
1134 662 1357 761 elegimus,
1392 683 1507 762 atque

164 810 191 857 „
217 762 396 840 Patrem.
424 763 597 841 Tandem
626 762 705 863 post
731 761 1019 843 relusiationem
1041 818 1054 856 ,
1080 763 1117 842 8(
1142 762 1433 845 condescensum
1460 764 1509 842 ad

163 890 189 955 3,
216 883 304 942 vota
332 861 452 941 noslra
475 863 683 964 eligentem
709 866 746 944 se
776 864 1006 966 Gregorium
1036 863 1318 944 Duodecimum
1345 865 1510 964 appella·

160 1010 185 1056 ,‚
213 963 271 1059 ii,
296 988 409 1063 quem
435 986 524 1043 cum
552 964 841 1047 adoravissemus
866 965 1216 1061 intronizavimus,
1253 967 1291 1044 8(
1317 987 1408 1045 mox
1430 967 1509 1045 Co·

158 1113 184 1158 „
210 1066 420 1143 tonationis
456 1065 623 1166 insigniis
661 1067 838 1167 insignire
863 1068 1080 1149 curavimus
1107 1067 1209 1165 juxta
1236 1091 1379 1146 morem
1404 1121 1417 1161 ,
1441 1065 1509 1166 qui

159 1215 185 1262 ‚‚
212 1164 294 1265 posi
321 1165 657 1248 intronizationem
684 1170 800 1270 ipsam
827 1171 979 1265 omnia,
1005 1171 1042 1249 8(
1069 1169 1212 1269 fingula
1241 1193 1304 1269 per
1331 1192 1434 1262 nus,
1468 1170 1507 1246 &

159 1316 186 1361 „
211 1269 335 1367 ipsum
374 1289 463 1348 tunc
499 1269 651 1357 fratrem
688 1271 852 1350 nosirum
880 1293 1100 1365 conventa,
1137 1268 1172 1370 8(
1200 1268 1347 1347 firmata
1374 1267 1508 1347 confit·

160 1416 185 1463 „
211 1368 371 1464 mavit,
406 1394 448 1448 ac
476 1371 602 1451 denuo
630 1372 737 1449 vovit
766 1371 932 1470 promisit
959 1371 1242 1466 consimiliter,
1278 1373 1314 1447 8(
1337 1370 1508 1466 juravit,

158 1510 185 1564 ‚‚
203 1470 438 1571 propriaque
454 1484 580 1550 rnariu
610 1473 815 1574 subscripsit
844 1472 930 1553 inde
958 1471 1507 1573 confectapubiicadocumeri·

160 1620 185 1666 „
211 1594 249 1649 ia
281 1596 349 1670 pio
368 1595 409 1649 ui
432 1570 472 1651 in
496 1573 577 1673 ipsis
599 1573 770 1653 lusiffime
791 1576 1031 1655 continetur.
1059 1578 1148 1675 Que
1171 1572 1407 1674 ideoprcsaie
1424 1571 1508 1649 Ma·

158 1720 184 1767 ‚,
208 1672 437 1773 gnificeniie
464 1675 591 1754 Veslre
614 1676 790 1755 intimare
812 1676 1081 1771 decrevimus,
1120 1696 1161 1755 ut
1187 1672 1246 1754 his
1275 1672 1438 1774 cognitis
1460 1673 1507 1753 de

158 1821 182 1870 „
210 1798 340 1875 pace,
375 1775 413 1854 8(
439 1776 586 1856 unitate
620 1776 759 1877 presaie
779 1777 949 1857 'Ecclesie
984 1782 1121 1856 bonam
1149 1778 1271 1877 spem.
1290 1772 1429 1875 possitis
1456 1775 1511 1851 su·
1549 1810 1552 1815 ·

137 1923 180 1975 g„
205 1876 384 1973 scipere,
409 1876 453 1955 ad
481 1879 527 1957 de
554 1880 794 1980 promotione
824 1880 1038 1975 huiusmodi
1064 1877 1268 1960 colletari.
1297 1877 1397 1955 Nam
1427 1898 1510 1973 pro·

155 2022 180 2072 ‚,
206 1976 311 2055 sebio
336 1977 561 2058 confidimus
588 2003 736 2081 tempus
762 1981 947 2059 advenisse
974 1979 1239 2082 acceptabile,
1274 1975 1314 2055 in
1341 2002 1419 2078 quo
1444 1999 1510 2053 an·

156 2123 181 2173 ‚,
206 2078 274 2156 itia
294 2078 600 2160 Christianorum
630 2103 719 2158 vota
747 2084 1061 2182 complebuntur.
1091 2084 1136 2157 sn
1157 2078 1292 2158 ceteris
1312 2098 1512 2185 autcmre·

155 2226 182 2274 ‚,
207 2180 284 2258 biis
304 2232 317 2272 ,
341 2203 415 2279 que
441 2182 485 2259 ad
512 2182 684 2259 eamdem
718 2181 871 2258 vestram
903 2180 1235 2278 Magnificenriam
1258 2230 1272 2276 ,
1296 2200 1340 2257 ac
1366 2175 1509 2256 vesiros

156 2329 183 2378 „
206 2280 380 2362 attinent
403 2306 471 2362 nos
491 2280 686 2363 offerimus
708 2281 852 2384 semper
873 2305 1032 2388 pronos.

257 2480 458 2581 „Datum
495 2485 621 2564 Rotne
658 2483 700 2561 in
741 2482 885 2563 Palatio
912 2481 1133 2583 Apostolico
1160 2482 1228 2561 Xl.
1263 2479 1325 2559 die
1363 2478 1508 2558 Assum·

308 2637 335 2683 „
361 2584 503 2685 ptionis
529 2584 661 2686 prelati
693 2585 855 2666 Domini
881 2585 1018 2665 nollri.
1046 2582 1212 2666 Decimo
1240 2582 1508 2665 veroDecem·

311 2736 339 2782 „
363 2685 439 2767 bris
465 2688 681 2769 Mccccvr.

233 2883 382 2972 Litttrae
407 2890 520 2999 miffae
537 2902 697 3008 Summo·
709 2890 884 3003 Ronrificr'
903 2891 1074 3010 Gregorio
1095 2899 1178 2972 xii.
1198 2914 1269 2994 prr
1288 2885 1435 2977 Ducale

586 3003 802 3078 Domimum
823 3003 1079 3077 maestarum.

207 3245 234 3290 „
259 3194 537 3298 Egredimini,
571 3202 609 3282 8(
636 3203 762 3284 videte
789 3204 868 3282 filie
895 3204 919 3282 S
950 3226 1000 3281 on
1027 3202 1174 3301 Regem
1191 3198 1445 3278 'Salomonem
1468 3192 1511 3272 in

158 3344 185 3390 ,‚
209 3295 446 3411 diademate,
471 3328 548 3404 quo
574 3304 773 3383 coronavit
800 3329 889 3382 eum
970 3324 1048 3381 ater
1076 3302 1138 3379 sua
1164 3300 1205 3379 in
1233 3297 1294 3379 die
1320 3295 1515 3397 desponsa·

156 3446 184 3490 2,
211 3398 329 3478 tionis
356 3401 493 3500 illius,
528 3407 566 3483 8(
592 3405 633 3482 in
659 3406 721 3484 die
749 3405 872 3484 letitie
909 3404 1032 3483 cordis
1058 3402 1168 3499 eius.
1206 3397 1345 3502 Egressi
1382 3398 1510 3513 snmus

155 3547 184 3592 „
208 3497 546 3586 BeatislimePater
573 3529 669 3606 ego,
696 3530 853 3606 meaque
879 3505 1136 3585 communitas
1148 3504 1268 3605 prime
1296 3499 1413 3579 veslre
1439 3522 1513 3578 ori·

157 3601 315 3700 „ginis
343 3605 477 3686 Parens
504 3609 648 3687 sactum
676 3606 872 3687 imitantes
897 3606 1116 3700 canticum,
1142 3630 1230 3683 cum
1258 3599 1452 3680 Crucibus
1473 3596 1513 3675 8(

158 3744 186 3797 „
209 3703 440 3785 sinuuariis
467 3708 599 3788 etesiis
626 3734 753 3788 coram
781 3708 977 3788 Altaribus
1004 3709 1044 3785 in
1072 3705 1215 3786 foribus
1241 3701 1442 3816 Ecclefie,
1473 3696 1513 3777 8(

157 3851 185 3897 „
209 3803 253 3883 in
285 3808 418 3907 plateis
453 3809 687 3907 laudantes,
723 3812 761 3889 8(
789 3811 1054 3889 benedicentes
1088 3833 1165 3888 uno
1199 3830 1266 3885 ore
1293 3805 1531 3903 Dominum·

161 3953 189 3999 ss
215 3908 350 3989 Deum
375 3908 577 4007 nolirum,
616 3912 680 4012 qui
708 3912 960 4016 dignatusest
991 3908 1154 3990 Ecclesre
1180 3909 1244 3986 sue
1271 3904 1405 3984 Sansie
1432 3922 1513 3978 tam
1568 3941 1576 3962 ·

159 4052 187 4099 2,
212 4008 389 4106 utiliter,
411 4013 448 4091 8(
475 4035 552 4092 iani
582 4013 810 4098 mirabiliter
838 4014 1058 4111 providere,
1085 4036 1128 4089 ac
1156 4035 1231 4088 una
1259 4032 1352 4086 voce
1379 4025 1515 4114 canen3

159 4154 187 4199 „
214 4130 271 4189 tes
281 4111 529 4193 Ecciefianici
546 4137 649 4194 ativ.
660 4112 911 4213 Capitulum.
939 4115 1039 4193 Ecce
1051 4113 1229 4192 Sacerdos
1242 4131 1421 4205 magnus,
1446 4120 1516 4199 qut

161 4254 190 4298 aa
208 4209 400 4293 indiebus
412 4215 485 4295 suis
497 4214 638 4316 placuit
651 4217 762 4311 Deo,
788 4214 1021 4296 &inventus
1040 4215 1091 4293 est
1113 4212 1250 4310 julius,
1275 4209 1520 4311 &intempo-

159 4352 189 4400 „
215 4335 255 4389 re
280 4313 474 4397 iracundie
500 4316 616 4395 tactus
642 4317 695 4397 est
721 4317 1009 4413 reconciliatio,
1034 4341 1148 4416 quent
1180 4314 1326 4391 Patrem
1348 4300 1514 4385 nostrum

162 4458 190 4504 si
215 4411 417 4498 Summum
442 4418 678 4501 Pontificem.
695 4417 869 4502 universe
883 4417 1007 4500 Pariie
1034 4417 1154 4497 nostre
1181 4406 1379 4503 decus,=&
1397 4399 1518 4586 ggpria

1360 4558 1387 4605 n
1460 4544 1471 4561 ·
1522 4554 1528 4559 ·
1617 4578 1621 4585 ·
