3859 5342
449 414 662 501 Snncrr
696 416 870 500 Perat
905 416 1214 501 Arosrutr.
1386 444 1444 526 93

28 651 30 664 p
156 551 418 644 evadandolo
445 566 566 645 molto
589 563 715 647 stanno
729 593 801 667 per
851 569 907 646 dit
955 568 1009 647 in·
1032 570 1236 685 pervigilio
1275 565 1504 647 Natiuitatis

157 664 447 780 eiier'uignudo
465 668 591 746 molto
612 662 816 769 inpfnra„
853 668 1049 774 Deipa'rae·.
1065 671 1278 773 Quotquot
1306 669 1346 748 in
1372 666 1501 748 Trite·
1565 733 1578 754 ..

156 785 252 846 rutrt
290 768 325 845 el
353 769 507 868 pregb,
542 769 629 849 chel
656 771 802 849 doveffe
855 772 908 848 mi
937 794 1075 867 erant,
1107 774 1225 872 illum
1254 793 1501 870 magnacum

155 885 257 982 tuor·
272 869 432 966 qualche
460 872 584 969 pocho
610 871 656 950 de
681 871 804 967 cibo,
854 873 1059 952 devotione
1086 872 1347 975 susceperunt,
1375 870 1503 949 videu-

137 975 176 1046 'e
202 969 259 1046 rur
298 991 370 1047 con
397 971 537 1070 aliegra
574 971 803 1072 saza'rispu·
857 995 913 1053 tes
939 974 1018 1071 eius
1043 974 1231 1074 aspeoium
1259 973 1352 1052 adeo
1380 969 1502 1050 humi·

152 1091 234 1148 xe:
273 1068 312 1148 io
338 1070 429 1152 seria
458 1073 639 1172 ingrato,
665 1073 701 1152 se
724 1101 802 1153 nou
853 1074 956 1173 lem,
980 1077 1019 1154 δι
1045 1102 1233 1172 comem,
1270 1095 1433 1172 cumque
1460 1071 1502 1151 ir·

154 1172 305 1251 zunaise
343 1174 379 1251 la
417 1173 548 1273 vigilia
592 1175 691 1257 della
728 1176 804 1254 mia
854 1176 936 1254 lum
985 1178 1225 1256 intuerentur
1272 1196 1501 1273 magnopere

156 1296 243 1352 cara
270 1274 422 1378 madre,
446 1276 518 1353 che
541 1277 668 1358 meha
690 1278 802 1358 scam·
853 1276 1135 1377 defatigatum,
1170 1304 1218 1356 eo
1243 1275 1330 1379 quia
1368 1297 1513 1374 prope.

153 1375 254 1474 pado
280 1375 326 1454 da
363 1397 471 1454 tanto
497 1377 664 1476 periculo
689 1433 703 1473 ,
728 1379 802 1458 aui·
855 1402 981 1457 ranter
1000 1380 1206 1458 admodum
1218 1377 1396 1471 venisset,
1421 1399 1505 1456 orn·
1604 1461 1608 1470 ,

154 1476 351 1570 xaudovi,
376 1477 449 1556 che
467 1480 804 1561 currendomicorr
855 1507 922 1559 nes
948 1481 1090 1559 hortari
1117 1483 1202 1560 iunr
1229 1476 1435 1579 precibus,
1462 1495 1507 1556 ut

155 1577 199 1657 io
225 1576 454 1675 Chavallo,
490 1578 528 1660 io
556 1582 697 1659 vedeva
733 1607 806 1660 una
858 1583 1142 1681 aliquantulum
1165 1582 1427 1680 cibicaperer‚
1453 1577 1507 1676 ip·

153 1678 301 1758 Donua
329 1680 618 1776 munincide,
645 1682 717 1762 che
744 1709 806 1762 me
859 1685 893 1762 se
907 1708 998 1762 vero
1009 1683 1204 1764 subridens
1215 1680 1428 1783 respondit,
1448 1677 1508 1757 in*

155 1780 303 1859 andana
325 1780 447 1859 inanci
468 1782 807 1880 confortandonre,
852 1808 982 1885 gratus
1016 1788 1168 1881 eiiem,
1197 1784 1264 1863 nifi
1299 1782 1503 1881 jejunarem

152 1881 229 1961 che
257 1881 295 1959 io
320 1908 528 1963 zonzerave
555 1911 575 1961 a
603 1886 803 1964 salvamen·
854 1887 894 1964 in
919 1887 1123 1988 pervigilio
1144 1912 1235 1966 meae
1257 1882 1506 1964 direeriffinae

154 2001 228 2062 to.
265 1983 440 2062 Aldandu
475 1986 605 2087 questo
636 1988 724 2066 tutti
754 1987 802 2065 ri·
855 1986 1019 2085 Matris,
1044 2015 1126 2088 quae
1155 1988 1290 2067 mede
1318 2006 1500 2083 tantope-

118 2155 121 2164 .
154 2106 267 2163 maxe
296 2087 369 2164 ben
390 2085 552 2165 edificari
572 2088 618 2166 de
639 2088 717 2167 lui.
743 2092 800 2165 Or
852 2089 976 2168 riculo
1001 2091 1157 2183 eduxit,
1184 2084 1509 2173 sciarisenimvez

154 2185 192 2265 le
224 2185 337 2264 Galle
373 2185 452 2265 fece
483 2189 615 2283 vela,
659 2213 681 2264 e
723 2213 798 2268 con
848 2189 947 2282 lint,
972 2214 1033 2267 me
1060 2214 1200 2290 equum
1227 2182 1505 2266 adcursumin·

152 2284 742 2389 l’ajuroriodivinoprestozonse
758 2288 798 2368 in
850 2289 1063 2387 citantem,
1092 2290 1219 2372 vidiffe
1232 2287 1433 2366 mulierem
1445 2285 1503 2363 iu·

155 2386 313 2484 Gajeta,
341 2386 451 2488 (4o)e
478 2389 505 2467 li
533 2390 568 2467 el
589 2388 628 2467 fu
653 2390 801 2469 riceuto
851 2415 896 2470 ce
923 2417 1060 2492 magna
1086 2389 1386 2485 circumfusam,
1418 2407 1507 2500 quae

149 2514 228 2570 corr
255 2489 494 2587 grandiffimo
514 2489 660 2585 honor,
686 2492 800 2574 etie-
851 2492 1006 2593 praeibat
1031 2491 1251 2573 confortans
1276 2515 1363 2584 me,
1390 2509 1432 2565 ur
1459 2511 1503 2565 ru

147 2614 324 2706 grezza.
360 2593 418 2669 Or
454 2590 588 2672 Mifier
629 2590 729 2672 Polo.
762 2592 800 2671 fo
851 2615 979 2674 rurum
1008 2619 1069 2676 nre
1097 2594 1327 2695 reciperem.
1354 2585 1506 2669 Haeoil·
1630 2593 1643 2609 “

203 2690 265 2767 eso
289 2688 330 2768 iu
356 2690 400 2791 pe
425 2691 487 2773 del
515 2695 644 2796 Papa,
669 2719 691 2774 e
718 2719 800 2796 por·
852 2695 882 2775 li
909 2720 1044 2778 omnes
1081 2696 1277 2776 audientes
1315 2691 1501 2772 virtutem

146 2790 256 2872 tolo
278 2793 453 2892 presone,
477 2796 799 2898 equandoquelii
850 2797 929 2897 ejus
965 2797 1140 2878 admirati
1177 2797 1262 2878 sunt
1290 2852 1299 2872 .
1338 2791 1503 2874 Interim

144 2891 243 2977 chel
269 2894 392 2994 prese,
416 2895 453 2975 se
473 2899 799 3000 veteefferinganr
849 2899 1016 3002 expansre
1054 2899 1148 2980 veiis
1177 2898 1373 2982 Triretuee
1406 2891 1502 2989 divi·

24 3029 25 3036 ¹
145 2991 234 3076 nati
261 3019 282 3073 e
304 2995 416 3076 befari
430 2998 469 3078 lo
495 2998 507 3076 i
529 3000 615 3081 dete
634 3001 681 3080 de
703 3001 798 3080 mol·
850 3027 900 3081 na
933 3001 1111 3104 ope-ciro
1136 2999 1311 3095 Caietam
1348 2993 1503 3094 appuie·

145 3116 192 3178 re
229 3095 434 3195 butirure,
467 3124 488 3179 e
525 3102 579 3179 lui
619 3125 685 3202 per
709 3127 799 3183 aver
850 3124 966 3199 runt,
990 3101 1120 3203 ibique
1147 3094 1500 3200 ereceptusestcum

146 3198 343 3299 scapolaro
365 3201 593 3286 roinocente
614 3203 713 3283 dalle
735 3201 800 3284 sue
851 3204 998 3284 honore
1025 3202 1236 3303 raganario,
1265 3199 1371 3298 supra
1382 3216 1502 3295 quana

145 3323 242 3416 man
279 3301 316 3380 el
352 3324 463 3402 porro
496 3303 799 3403 pacientemeore
849 3306 927 3386 dici
955 3331 1004 3406 po
1032 3324 1094 3380 rr.
1122 3307 1184 3384 At'
1202 3296 1501 3398 Donnnsr’au-
1599 3337 1606 3348 -

147 3425 244 3500 ognt
269 3400 439 3484 inzuria.
850 3409 911 3490 ius
938 3404 1044 3507 perin
1125 3431 1168 3484 ae
1194 3403 1221 3483 fi
1250 3397 1425 3480 Pontifex
1450 3393 1502 3477 es·
1590 3462 1599 3476 .

851 3509 930 3607 set,
955 3528 1088 3608 captus
1113 3505 1186 3585 suit
1207 3559 1224 3601 ‚
1247 3504 1285 3583 iit
1310 3501 1351 3579 in
1378 3521 1501 3578 caree·

849 3635 933 3691 rem
958 3609 1154 3705 detrusus,
1180 3607 1243 3685 sed
1269 3619 1500 3701 cumcapto·

848 3711 1130 3804 restauruns,
1156 3710 1503 3816 &deceptosagnu

849 3832 1027 3907 verunt,
1061 3810 1194 3891 multis
1219 3831 1308 3890 eum
1337 3803 1502 3884 verberi·

850 3915 924 3996 bus
958 3933 1201 4009 onerarunt,
1236 3909 1305 3989 ille
1341 3925 1503 4021 autem,

850 4014 940 4116 quia
967 4015 1014 4093 de
1025 4008 1158 4094 eorum
1180 4010 1364 4116 ‚manibus
1382 4027 1502 4121 ‘runo-

852 4136 1004 4198 centem
1039 4114 1507 4224 liberaverampaneoter
1568 4145 1574 4152 ,

853 4240 1011 4299 ornnem
1038 4214 1216 4317 injuriam
1239 4210 1355 4294 tulrt·
1382 4291 1384 4298 ,

972 4337 987 4368 l

1367 4437 1469 4606 W.
