3859 5342
504 437 602 518 1721
688 408 768 494 Du
800 409 1073 496 Ecctusrn
1105 402 1534 491 Pnsntnrcnxt’r

439 558 479 640 iu
508 561 568 640 SS.
595 558 733 639 Crucis
759 558 929 654 sacello,
954 555 1056 658 quod
1083 555 1158 656 ipse
1187 556 1342 654 vivens,
1368 575 1410 633 ur
1437 552 1579 634 dierum
1606 550 1691 650 est,
1717 582 1776 638 ex·

440 660 517 740 trui
544 661 805 740 mandaverat.
1114 715 1119 724 -

376 767 379 772 '
491 761 554 840 XI.
583 762 842 863 Hieronymus
863 784 909 839 ex
921 757 1366 858 HieronymoQuirino,
1392 755 1649 854 &Margarita
1660 760 1776 836 Geor·

438 861 503 962 gio
533 862 703 942 Veneriis
728 863 948 963 progenitus
985 859 1062 959 poll
1090 860 1211 936 sande
1238 861 1388 938 exados
1416 860 1454 934 in
1485 858 1773 936 Prndicatorurn

440 962 610 1056 Ordine,
636 963 698 1042 cui
726 962 937 1042 adolescens
964 985 1104 1037 nornen
1125 961 1306 1055 dederat,
1333 959 1486 1060 triginta
1513 956 1592 1035 sere
1615 983 1776 1037 annosa

439 1065 741 1144 VenetoSenatu
769 1064 889 1164 plenis
915 1060 1100 1160 suffragiis
1124 1058 1264 1139 eleetos
1290 1062 1360 1138 suit
1388 1086 1489 1139 anno
1505 1087 1610 1158 1524
1638 1059 1698 1137 die
1720 1088 1779 1137 ar.

441 1163 643 1256 Odiobtis,
671 1186 712 1241 ut
739 1161 927 1243 demortui
957 1160 1116 1239 Antonii
1148 1162 1368 1240 Patriarchae
1408 1163 1533 1240 locum
1572 1161 1781 1258 impleret.

442 1265 534 1364 Ejus
560 1265 784 1345 eleetionem
810 1266 995 1343 Clemens
1025 1264 1120 1361 Papa
1151 1263 1236 1340 Vll.
1262 1289 1340 1348 non
1371 1264 1489 1340 solum
1517 1259 1782 1356 confirmauit,

440 1367 565 1448 sed&
594 1366 690 1446 datis
715 1391 815 1445 anno
847 1363 1041 1463 1525.die
1075 1391 1128 1440 ιο.
1157 1365 1264 1441 Febr.
1293 1364 1326 1441 ei
1355 1365 1477 1440 adhue
1504 1362 1626 1440 eleeto
1651 1360 1788 1462 episto-

438 1466 492 1546 lis
515 1466 694 1560 iudolsrt,
720 1487 762 1544 ut
789 1465 955 1544 redditus
985 1463 1245 1543 Parriarchalis
1271 1467 1405 1541 mensa
1431 1466 1477 1541 ad
1499 1463 1699 1542 biennium
1721 1489 1781 1539 an·

441 1566 597 1668 ticipara
624 1568 811 1645 solutione
838 1564 1040 1644 distrahere
1070 1565 1185 1643 libere
1214 1567 1350 1663 pollet,
1378 1566 1469 1644 adeo
1498 1585 1538 1640 ut
1567 1561 1780 1662 scontigis·

440 1667 495 1744 set
522 1667 642 1766 ipsum
671 1667 827 1746 biennio
856 1666 1070 1761 hujusmodi
1098 1668 1255 1745 durante
1283 1694 1303 1742 e
1331 1666 1430 1743 uiuis
1457 1665 1666 1758 excedere,
1694 1689 1782 1764 prae·

442 1765 536 1847 diui
564 1767 729 1845 redditus
767 1768 898 1846 iisdem
928 1765 1092 1865 personis
1119 1790 1389 1862 remanerent,
1425 1792 1506 1865 quat
1535 1765 1785 1864 anticipatum

442 1867 607 1964 pretium
637 1859 891 1968 persolvissent
917 1865 1062 1962 (Tul.
1091 1869 1208 1946 Anno
1234 1868 1322 1945 inde
1351 1866 1562 1967 insequenti
1589 1866 1649 1942 die
1672 1895 1706 1961 7.
1722 1867 1788 1944 Fe·
1916 1935 1917 1948 r

442 1971 565 2046 bruar.
595 1968 693 2047 idem
725 1969 901 2046 Pontifex
929 1967 1150 2065 Apostolico
1188 1967 1396 2066 diplomate
1434 1972 1478 2045 ad
1509 1989 1595 2042 tuta
1623 1968 1788 2044 Andreae

317 2094 319 2098 ’
442 2068 562 2148 Gritti
593 2070 735 2163 Ducis,
760 2070 797 2150 dt
825 2069 1002 2165 meinii
1035 2068 1279 2148 Venetiarum
1307 2072 1482 2170 quasdam
1511 2067 1627 2145 edidit
1654 2066 1789 2146 conili-

441 2169 683 2254 tutionesad
710 2193 852 2252 certam
879 2170 1164 2268 ordinatamque
1182 2172 1430 2248 Plebanotunt
1448 2170 1787 2269 Titulatnrnmque
1916 2183 1917 2206 *

443 2267 750 2364 institutionem,
772 2297 884 2370 quam
914 2270 1080 2348 maxime
1106 2293 1334 2373 opportunas
1361 2274 1375 2366 (
1389 2274 1422 2347 V
1470 2271 1505 2366 ).

492 2378 581 2448 Erat
610 2373 761 2468 quidem
790 2373 1049 2469 Hieronymus
1088 2371 1146 2450 vir
1180 2372 1325 2469 justitia
1363 2391 1541 2462 amator,
1577 2369 1786 2469 &rigidus

439 2470 666 2550 ecclesrllicae
693 2473 895 2570 disciplina
921 2474 1098 2567 zelator,
1135 2498 1245 2569 quern
1276 2472 1417 2551 nullius
1446 2472 1631 2565 studium,
1657 2495 1780 2569 neque

405 2621 413 2628 »-
442 2572 547 2650 ullus
571 2572 688 2649 animi
718 2570 870 2650 affedlus
897 2598 918 2648 a
946 2574 1110 2649 veritate
1132 2573 1343 2651 defledletet
1365 2628 1378 2667 ,
1404 2572 1498 2651 acris
1525 2592 1650 2649 tamen
1681 2574 1792 2669 inge·¹
1915 2643 1916 2648 ,

444 2671 525 2765 nii,
551 2671 587 2748 8<
612 2673 708 2750 adeo
734 2674 890 2771 propria
918 2674 1056 2750 mentis
1083 2674 1274 2753 sententia
1295 2677 1509 2769 adhaerens,
1535 2695 1576 2753 ut
1591 2674 1696 2753 nulla
1709 2673 1789 2771 pos
1915 2693 1916 2696 ’

297 2863 320 2889 ‘J
443 2774 497 2852 set
526 2772 700 2867 ratione,
722 2800 742 2851 a
769 2775 938 2872 suscepto
964 2774 1122 2852 confilio
1150 2776 1361 2870 remoueri,
1382 2776 1712 2875 quoproptetdum
1729 2775 1783 2851 ni·

443 2874 522 2988 tuis
544 2874 737 2952 concitato
762 2877 851 2953 zelo
876 2880 914 2953 in
942 2878 1106 2954 Clerurn
1131 2876 1329 2954 inuehitur
1355 2932 1368 2970 ,
1391 2902 1504 2977 atque
1531 2876 1602 2953 suar
1627 2876 1788 2975 dignita

444 2992 495 3058 trs
520 2973 598 3071 jura
626 2974 772 3054 sortasse
809 2980 891 3074 plus
918 3004 1040 3075 ,aquo
1063 2979 1263 3055 extendere
1301 3000 1492 3070 conatur,
1529 2977 1593 3076 plu
1617 2977 1792 3056 imorum

444 3075 565 3170 odia,
591 3075 878 3177 stmultatesqne.
892 3079 1105 3157 contraxit.
1130 3082 1284 3177 asperas
1309 3078 1537 3177 Hieronymi
1565 3004 1668 3176 Isges
1691 3081 1791 3176 Apo·

446 3169 577 3256 stolica
601 3177 756 3256 lenitate
780 3179 971 3278 mitigavit
1000 3181 1202 3279 aliquando
1229 3181 1413 3258 Clemens
1441 3181 1540 3274 Vll,
1566 3203 1653 3256 cum
1683 3180 1792 3257 eninr

445 3275 515 3389 sub
541 3279 946 3389 excommunicati-ouis
974 3279 1086 3379 poena
1116 3282 1327 3360 patriarcha
1356 3281 1529 3359 Plebanis
1549 3278 1793 3379 Clericisque

445 3374 515 3454 fibt
542 3377 713 3474 subtetlis
738 3379 983 3474 inhibuisset,
1008 3399 1056 3478 ne
1082 3381 1121 3457 ln
1150 3383 1381 3480 priuatorum
1410 3381 1585 3459 domibus
1612 3379 1790 3459 etiamfa-

447 3476 634 3555 cultatem
660 3478 915 3577 Apollulicam
942 3481 1170 3574 habentium«
1197 3483 1347 3572 Milium
1374 3483 1636 3575 celebrarent,
1671 3502 1794 3579 atque

447 3582 498 3655 ob
527 3579 563 3658 id
591 3581 778 3678 regulares
804 3608 889 3658 curu
914 3579 1132 3679 prejuditio
1157 3583 1263 3660 Cleri
1304 3583 1490 3662 secularis
1513 3603 1795 3672 evocarentur?

446 3672 643 3773 Psebanr's,
669 3679 718 3758 Θ
739 3682 962 3782 presbyteris
988 3680 1223 3784 Venerianus
1248 3684 1431 3762 Clemens
1459 3684 1609 3762 indulsrt
1636 3683 1697 3760 die
1728 3701 1792 3759 xr.

365 3835 367 3838 ·
448 3780 674 3860 Decembris
699 3807 807 3860 anno·
832 3785 1035 3876 Muxxtx,
1062 3805 1102 3858 ur
1122 3781 1412 3884 quotiescumque
1432 3783 1478 3861 al
1498 3781 1716 3862 habmibus
1728 3780 1792 3881 sa·

449 3874 627 3960 cultatem
650 3880 795 3982 inraso
816 3882 1033 3983 rrcrefflrarr's
1056 3881 1221 3984 requr'ſsti
1237 3889 1379 3981 essent,
1405 3886 1533 3965 Missas
1559 3886 1599 3963 in
1626 3885 1794 3984 ipsorum

450 3984 626 4063 domibus
652 3985 841 4064 celebrare
870 3986 1010 4083 possem
1036 3988 1051 4082 (
1066 3985 1180 4083 Xe).
1208 3988 1428 4067 Simultates
1455 3988 1608 4083 etiam,
1644 3987 1681 4064 81
1708 4009 1794 4063 cort·

452 4084 674 4179 troxersras,
694 4111 775 4185 qua
805 4085 901 4164 inter
932 4085 1220 4183 patriarchatu,
1255 4089 1292 4166 8(
1318 4090 1478 4166 Clerunr
1516 4091 1625 4167 suurn
1653 4109 1794 4165 exorta
1914 4163 1915 4192 ,

451 4183 599 4264 suerent
620 4186 729 4283 super
749 4180 1014 4284 elediiom'bus,
1040 4186 1089 4265 (Ὺ
1103 4186 1443 4286 praesentationibus
1473 4187 1524 4269 ad
1544 4185 1725 4289 beneficia
1746 4207 1797 4265 ec*

455 4278 666 4386 osrficflr'ca·
682 4285 951 4381 Veneriorum,
977 4311 1069 4370 cunr
1094 4291 1244 4386 penitus
1270 4291 1470 4369 abstulisset
1498 4290 1718 4392 apostolica
1738 4310 1799 4363 au·

452 4386 638 4472 charitate
662 4386 766 4470 idern
791 4385 1203 4487 Clemeusluntisrx,
1230 4415 1333 4474 novo
1358 4393 1494 4474 deinde
1511 4393 1719 4504 diplomate
1734 4387 1805 4464 l’a·

497 4525 502 4564 ;
609 4514 616 4526 ·
887 4537 892 4552 ·
1654 4513 1759 4574 tnur-
