3859 5342
417 380 626 470 Saucrt
658 383 831 470 retur
866 383 1161 472 Arosrott.
1217 403 1223 412 '
1312 411 1391 494 173

140 532 330 617 triarcham
359 529 538 614 hortatus
556 534 643 631 esi,
677 554 721 611 nt
743 555 809 631 pto
822 533 930 633 saa,
964 533 1015 613 sb*
1034 534 1110 634 sua
1140 531 1320 614 Civitatis
1340 532 1462 636 quiete

134 635 246 736 potius
264 635 372 711 viam
394 633 668 736 misericordia,
694 661 803 734 qnam
817 631 1031 731 severitatis
1051 631 1183 736 eligere
1201 632 1320 715 vellet
1341 635 1463 735 (Ya.)
1520 669 1524 678 ¹

140 741 216 815 Nec
243 760 367 816 tamen
397 739 602 815 Pontificiis
630 736 718 814 licet
747 737 902 814 monitis
938 736 1105 817 eruditus
1143 738 1208 817 srbi
1238 737 1476 837 temperavit
1569 811 1572 820 Δ

139 840 413 938 Hieronymus,
438 840 503 936 qui
530 842 576 914 de
605 839 744 932 iuribus
772 838 843 913 suis
875 838 1147 919 Patriarchatus
1174 838 1396 936 ampliandis
1409 836 1464 916 ni·

137 941 202 1016 mis
228 942 360 1019 anxius
386 934 579 1034 Collegiis,
605 933 809 1034 Capitalis,
834 935 884 1015 (Ὺ
904 937 1072 1016 Patronis
1091 932 1283 1016 licentiam
1302 933 1465 1034 eligendi

130 1038 291 1138 personas
312 1040 362 1116 ad
382 1037 557 1140 beneficia
574 1038 755 1116 vacantia
772 1038 886 1130 juxta
907 1038 1201 1139 constitutionum
1229 1062 1387 1117 tenorent
1406 1060 1465 1135 pe·

135 1139 287 1219 tentibus
307 1135 498 1219 licentiam
520 1137 636 1237 ipsam
658 1135 870 1233 concedere,
896 1141 944 1216 O*
958 1140 1128 1237 personas
1153 1162 1221 1237 per
1235 1169 1291 1218 cos
1312 1134 1467 1232 elessas,

135 1239 179 1319 (T
192 1238 264 1341 sbi
278 1244 517 1349 praesentatas
542 1240 727 1341 instituere
753 1241 817 1338 sert
846 1241 1060 1339 confirmare
1092 1240 1220 1339 absque
1251 1232 1468 1317 rationabili

137 1341 241 1441 cansa
259 1346 503 1442 sepenumero
535 1343 750 1420 recusavit.
789 1346 1028 1441 Quapropter
1059 1342 1196 1436 Ducis,
1224 1344 1259 1419 8<
1287 1337 1467 1419 Domiuii

137 1443 378 1521 Veneriorum
408 1444 507 1522 votis
535 1443 718 1521 excitatus
751 1444 919 1519 Pontifex
959 1442 1243 1522 constitutiones
1278 1441 1470 1540 prudisias

136 1565 234 1620 noro
264 1546 487 1642 Apostolicae
513 1543 813 1622 confirmationis
840 1545 1054 1620 munimine
1089 1544 1318 1635 roboravit,
1353 1564 1470 1641 atque

135 1642 354 1724 Patriatchae
382 1643 577 1746 dissridius
605 1644 798 1737 inhibuit,
825 1671 871 1722 ue
898 1646 1069 1722 aduersus
1097 1645 1265 1744 antiquas
1279 1644 1473 1743 probatas.

132 1768 206 1842 que
234 1746 521 1824 consuetudines
548 1745 688 1843 aliquid
716 1771 856 1844 agere,
892 1748 952 1823 v'el
982 1746 1167 1825 intentare
1197 1747 1468 1849 presumeret,

137 1866 253 1943 utque
292 1849 327 1921 id
355 1848 499 1925 firmius
533 1848 827 1941 observaretur,
863 1846 1107 1945 Hieronymo
1134 1845 1339 1925 Barbadico
1377 1867 1470 1923 tunc

136 1943 354 2025 Primicerio
395 1946 550 2027 Ducalis
579 1950 738 2027 Basilica
778 1950 873 2025 datis
909 1948 970 2026 die
998 1977 1054 2048 30.
1084 1949 1180 2025 Maii
1219 1973 1322 2024 anno
1364 1972 1471 2043 ¹532·

137 2046 249 2142 (Zz)
280 2049 503 2146 apostolicis
531 2049 667 2126 litteris
690 2051 911 2141 ‚manuatim
939 2070 981 2124 ut
1010 2051 1034 2125 st
1065 2049 1237 2126 licentias
1255 2042 1471 2143 hujusmodi

136 2148 360 2242 concedere,
386 2149 604 2246 &personas
632 2150 784 2224 idoneas
811 2149 880 2224 tite
908 2146 1043 2225 esaeias
1069 2147 1290 2226 confirmate
1315 2145 1476 2226 Patriam

134 2246 200 2322 cha
228 2249 481 2341 detresiasi'et,
508 2248 941 2345 LegatusApostolicus,
968 2250 1028 2323 seu
1057 2272 1104 2324 eo
1130 2250 1280 2324 aisseute
1305 2243 1473 2345 ipsePri-

135 2347 307 2426 micetius
333 2342 526 2445 Collegiis,
554 2343 759 2445 Capitulis,
785 2348 1014 2427 &Patronis
1038 2341 1231 2428 licentiam
1253 2345 1369 2447 ipsam
1391 2370 1474 2425 cort·

133 2448 273 2545 cedere,
300 2453 348 2527 O*
365 2452 535 2561 personas
558 2471 625 2545 per
643 2478 702 2527 cot
723 2447 856 2527 alesine
879 2450 998 2545 juxta
1015 2447 1298 2553 Apostolicorum
1327 2442 1469 2527 littera·

131 2573 232 2644 rnm,
259 2579 302 2628 ac
325 2548 619 2650 constitutionum
640 2576 800 2630 tenorem
820 2550 1005 2653 instituere
1033 2554 1218 2646 deberet,
1244 2553 1380 2651 quibus
1407 2550 1467 2627 de·

131 2647 215 2726 inde
241 2652 574 2730 constitutionibus
601 2654 787 2753 Georgius
814 2656 1041 2731 Andreatius
1069 2655 1274 2753 Episcopus
1287 2650 1469 2731 Clusinus

133 2748 167 2825 8<
197 2754 415 2851 Apostolisae
442 2755 545 2832 Sedis
573 2756 757 2853 Legatos,
784 2756 874 2833 alias
901 2757 971 2833 suae
993 2756 1209 2854 Legatiouis
1235 2754 1467 2833 authoritate

133 2851 261 2946 adjecit
288 2856 349 2931 die
379 2886 435 2955 29.
462 2857 552 2953 susii
581 2883 680 2948 anuo
713 2885 817 2956 154¹·
853 2858 897 2933 ad
926 2859 1155 2936 elesiionum
1185 2857 1302 2955 (Ag)
1340 2853 1477 2962 liujus*

133 2955 230 3030 modi
257 2959 431 3035 ordinem
460 2981 700 3058 opportuna.
738 2963 842 3035 Cum
872 2984 961 3036 ueto
989 2959 1033 3036 ad
1063 2959 1127 3036 has
1153 2982 1242 3055 quas
1268 2958 1479 3034 attulimus.

103 3057 397 3135 *controuersias
425 3061 531 3152 asiae,
556 3060 591 3136 ds
619 3062 769 3157 quidem
801 3060 950 3149 maioris
977 3059 1164 3155 momenti
1197 3056 1468 3132 intetPatriar·

133 3152 235 3254 ciram
266 3160 387 3259 ipsum
414 3215 423 3251 ,
450 3161 485 3236 8<
514 3162 694 3259 Legatum
716 3159 825 3258 super
853 3156 1108 3254 jurisdictione
1144 3156 1335 3256 utriusque
1363 3155 1472 3254 sape·

135 3278 290 3366 numero
319 3262 535 3336 accederent
559 3315 572 3355 ,
600 3261 652 3336 ita
679 3284 719 3337 ut
746 3259 925 3358 quidquid
947 3259 1029 3357 sare
1049 3253 1268 3344 Patriatcha
1291 3257 1377 3352 jare
1402 3254 1472 3354 stre

135 3358 376 3454 instituebat,
400 3358 535 3438 Nuntii
548 3357 772 3438 authoritate
783 3361 1068 3457 destitueretur,
1095 3383 1194 3440 ratus
1221 3358 1348 3438 illese
1370 3360 1473 3454 irater

133 3474 188 3535 tot
213 3463 357 3540 dissidia
386 3488 512 3561 pacem
544 3463 701 3540 ulterius
729 3488 850 3562 neque
875 3488 962 3550 cum
991 3465 1131 3557 Ciero,
1160 3487 1279 3561 neque
1306 3485 1393 3539 cum
1412 3465 1469 3539 -A-

132 3560 311 3654 postosico
340 3565 480 3664 Legato
509 3565 646 3642 habere
674 3567 793 3661 posse,
821 3565 890 3641 suae
918 3564 1042 3664 potius
1068 3565 1211 3662 quieti,
1238 3587 1348 3664 quam
1377 3562 1470 3642 alio-

130 3679 214 3746 tum
244 3664 398 3740 utilitati
427 3667 651 3758 consulens,
678 3667 712 3741 se
740 3665 888 3741 cuidam
916 3664 1017 3765 quas
1042 3662 1255 3742 voluntario
1281 3660 1468 3742 exilioad·

129 3758 251 3854 dixit,
277 3761 432 3859 seligens
459 3770 503 3843 de
530 3766 687 3843 ciuitate
714 3768 863 3866 potius,
890 3792 1003 3865 quam
1033 3761 1106 3843 nlla
1123 3764 1231 3863 passo
1253 3763 1299 3843 de
1311 3764 1470 3864 jaresio

128 3858 458 3973 discedermuod
472 3866 565 3964 sane
581 3866 613 3966 s
634 3869 705 3944 non
727 3862 834 3962 culpa
854 3922 867 3963 ,
894 3890 935 3948 at
955 3894 1027 3944 non
1042 3866 1122 3968 sne
1143 3895 1229 3948 nota
1249 3890 1329 3944 tant
1362 3865 1472 3970 ipsus

131 3963 322 4059 crottatis,
349 3988 427 4042 tnnc
440 3966 627 4067 Pontificis
642 3965 805 4044 Maximi
825 3990 914 4047 tunc
936 3968 1106 4047 viventis
1125 3965 1293 4070 accidiffe
1315 3970 1480 4045 tessatut·
1514 4049 1518 4058 ,

136 4059 273 4145 Paulus
303 4069 399 4167 Papa
430 4070 494 4145 sV.
522 4068 560 4146 in
589 4095 676 4146 mox
704 4069 891 4148 efferenda
918 4071 1096 4168 epistola,
1121 4097 1232 4170 quam
1261 4071 1305 4146 ad
1332 4066 1470 4146 succes·

135 4161 253 4245 sorem
283 4167 393 4268 ipsius
421 4171 650 4270 Hieronymi
673 4169 923 4250 Vincentium
950 4173 1077 4252 Diedo
1103 4173 1206 4251 dedit
1236 4174 1470 4267 aun01556.

137 4265 199 4350 Ne
225 4293 349 4350 autem
380 4295 425 4347 ex
453 4272 620 4366 absentia
648 4272 869 4350 Patriatchae
896 4274 1039 4372 aliquid
1067 4269 1283 4354 detrimenti
1305 4290 1473 4368 pateren-

137 4387 198 4449 tur
232 4369 312 4466 juta
338 4373 617 4455 Parochiasium
646 4372 896 4460 Ecclesrarum
935 4373 1075 4460 Paulus
1099 4374 1196 4474 Papa
1223 4370 1292 4452 111.
1328 4371 1474 4553 kegato

1340 4549 1350 4588 t
1367 4496 1429 4582 ΡΟ·
