3859 5342
405 311 1166 416 sincerans-'mammona
1310 333 1398 438 '177
1508 305 1520 370 ξ

138 476 290 560 Ptalatis
316 473 521 575 inhibuit,
557 502 603 558 ne
628 479 675 557 de
701 497 837 558 caeteto
863 499 1045 578 pretextu
1072 480 1229 578 alicujus
1254 478 1321 561 sibi
1348 480 1466 562 colla·-¹

137 603 178 661 tae
202 579 422 676 facultatis,
457 581 622 681 aliquem
650 581 806 660 Veneta
835 580 1015 660 Dioecesrc
1041 583 1238 663 Clericum
1266 585 1320 661 ad
1338 607 1466 685 quem·
1585 615 1589 626 ⁴

136 681 187 759 vis
212 701 287 759 tam
315 681 483 778 sactum,
506 707 619 781 quam
649 707 726 759 non
753 682 895 761 sactum
922 683 1119 779 ordinem,
1146 686 1284 785 absque
1304 684 1465 763 Vincen·
1557 773 1560 778 .

134 781 174 860 tii
198 781 602 883 licentiapromovtre
623 784 910 884 presumerent.
938 788 1115 883 Quatuor
1128 785 1243 884 igitur
1256 787 1296 863 in
1312 785 1466 864 Patriac-

135 882 241 962 cbatu
266 883 373 961 annis
399 885 570 962 nondum
597 884 757 986 expletis
783 883 981 962 hominem
1008 885 1114 963 exuit
1141 887 1201 962 die
1221 909 1273 962 tx.
1301 887 1466 964 Decem-

135 982 205 1060 bris
229 1009 330 1062 anno
357 985 528 1085 Mutus,
554 984 855 1085 cujussepulcro
881 1007 968 1064 ante
995 985 1092 1065 sores
1119 986 1291 1064 Ecclesia
1311 986 1467 1063 Patriac-

133 1082 245 1162 chalis
272 1085 390 1185 polrto
417 1085 645 1185 insculptum
684 1086 754 1164 fuit
793 1084 902 1185 ipfius
929 1111 1070 1165 nomen
1095 1083 1306 1165 Vincentius
1327 1082 1468 1163 Diedus

133 1182 348 1262 Patriarcha
369 1184 631 1265 Venetiarum.
669 1186 891 1264 Emortuale
927 1207 1054 1265 autem
1092 1188 1259 1289 elogium
1287 1185 1469 1266 marmori

133 1282 288 1366 incisum
318 1289 449 1386 parieti
477 1287 652 1367 Ecclesiae
677 1287 833 1366 affixum
860 1284 954 1364 suit.

174 1439 202 1482 „
229 1388 458 1468 Vincentius
487 1390 631 1469 Diedus
657 1388 817 1487 ampliss.
845 1386 1124 1487 magistratibus
1150 1388 1279 1482 domi,
1305 1388 1470 1488 forisque

128 1486 223 1583 „ad
249 1491 597 1588 quinquagesimum
624 1491 743 1568 atatis
769 1513 911 1568 annum
938 1488 1151 1569 admirabili
1180 1489 1391 1587 sapientia,
1418 1508 1470 1565 at·

126 1638 151 1682 „
175 1612 250 1687 que
278 1591 495 1688 integritate
522 1590 734 1690 perfunctus
761 1614 806 1666 ex
836 1588 1052 1668 Praeleernra
1081 1591 1260 1669 Patavina
1277 1591 1333 1667 ad
1358 1588 1471 1681 hujus
1510 1608 1523 1612 ·

123 1739 153 1783 ,,
179 1687 350 1767 civitatis
389 1691 686 1770 Patriarcbatum
724 1690 897 1785 elesius,
934 1716 1022 1770 cum
1050 1691 1090 1770 in
1125 1690 1278 1806 Templi
1314 1688 1470 1768 adium·

125 1840 150 1883 „
177 1812 253 1887 que
280 1790 528 1884 adjacentium
557 1792 913 1892 reparationem&
939 1792 1049 1871 Cleri
1077 1789 1354 1870 institunonenn
1381 1812 1469 1888 ope·

123 1941 148 1984 „
175 1913 282 1986 ram,
308 1911 420 1989 atque
447 1883 651 1993 impensam
680 1919 744 1994 pet
769 1892 1059 1994 quadriennium
1089 1919 1164 1970 non
1192 1891 1320 1969 ltullra
1339 1911 1472 1968 contu·
1593 1903 1597 1910 ’

42 2075 46 2082 .
126 2041 151 2084 „
175 1989 298 2085 lilset,
325 1992 455 2092 multis
483 1995 710 2093 religionis,
737 1996 773 2071 8(
801 1995 1008 2093 prudentia
1035 1992 1316 2091 praeclarissimis
1343 2013 1472 2101 exem·

127 2090 251 2190 „plis
279 2091 413 2187 editis,
440 2118 577 2191 magno
604 2094 916 2172 'totiusCiuitatis
930 2115 1090 2171 moetote
1103 2089 1361 2190 sexagenarius
1372 2086 1473 2168 obitt

129 2241 153 2286 „
178 2215 284 2269 annu
312 2193 439 2271 salutis
467 2194 625 2271 Muurx.
654 2216 706 2271 vt.
734 2194 788 2271 ld.
817 2195 910 2272 Dec.

35 2297 36 2306 ’
177 2291 289 2370 XlV.
316 2293 479 2389 Joannes
508 2294 710 2373 Trivisano
738 2295 845 2373 Patre
875 2293 991 2372 Paulo
1018 2293 1254 2388 Trivisano,
1280 2293 1317 2371 8<
1344 2291 1473 2369 Matre

132 2399 246 2470 Anna
275 2393 418 2470 Mauro
448 2394 621 2473 Veneriis
648 2417 776 2490 ortus,
804 2398 930 2474 Abbas
956 2396 992 2472 S.
1004 2396 1189 2494 Cypriani
1215 2395 1261 2473 de
1290 2391 1473 2471 Muciano

130 2491 292 2572 Ordinis
320 2491 559 2573 &Benedisii
587 2496 785 2596 professus,
812 2495 1016 2575 Abbatiam
1037 2497 1159 2595 ipsam
1188 2520 1252 2595 pet
1279 2493 1475 2586 renuncia·
1535 2497 1584 2588 ,ς

134 2592 279 2671 tionem
319 2595 475 2694 loannis
515 2596 706 2682 Trivisani
745 2598 869 2676 Patrui
898 2596 978 2692 fui,
1004 2597 1235 2686 'concedente
1269 2596 1476 2673 Clemente

132 2693 487 2791 Vll.,Pontifice,
521 2698 696 2795 recepit,
735 2699 790 2776 uti
829 2696 1108 2776 lustusdiblum
1137 2699 1221 2792 est,
1257 2692 1478 2795 quandoin
1545 2762 1630 2804 d

133 2793 321 2872 Torcello
358 2799 469 2878 Sacro
496 2797 701 2877 Ecclefiatn
739 2799 853 2896 ipsam
892 2801 927 2875 S.
949 2799 1138 2899 Cypriani
1176 2796 1478 2875 illustravimus.
1558 2817 1586 2840 ·'

129 2893 238 2975 Dum
268 2894 397 2997 itaque
424 2898 644 2976 eiAbbatiae
665 2902 847 2997 praeelset,
875 2895 1340 2988 Vincentiul’atriarchae,
1366 2897 1478 2973 Sena·

133 3013 174 3072 tu
201 2995 400 3096 eligente,
423 2998 595 3077 suffeb'rus
622 3001 673 3077 ell
699 3026 799 3076 anno
823 3001 968 3075 ‘Mum
995 2998 1174 3090 ineunte,
1199 2997 1304 3091 cujus
1331 2993 1480 3107 elestio-

133 3120 219 3176 nem
250 3098 314 3176 die
344 3121 421 3175 xiv.
450 3100 558 3177 Febr.
585 3101 748 3194 ejusdem
777 3098 866 3176 anni
897 3098 1187 3194 Piusd'apalV.
1214 3095 1482 3184 confirmavit,

132 3199 342 3299 eademque
369 3198 430 3276 dic
458 3198 641 3294 indulsit,
681 3221 721 3277 ut
751 3197 1026 3276 Monasterium
1054 3200 1088 3275 S.
1111 3195 1334 3298 Cypriani,
1369 3193 1482 3272 simul

132 3323 219 3376 curn
236 3298 484 3378 Patriatchali
512 3299 694 3396 dignitate
722 3298 1061 3394 incommendam,
1086 3300 1207 3399 quoad
1232 3297 1400 3390 viveret,
1426 3319 1482 3372 re·

138 3399 305 3492 cineret,
333 3425 402 3479 nec
429 3400 552 3479 multo
579 3400 680 3498 poll,
705 3399 766 3478 die
792 3400 933 3477 scilicet
961 3400 1082 3500 prima
1110 3397 1337 3496 insequentis
1365 3396 1481 3473 Mart.
1522 3481 1526 3488 ,

135 3499 262 3579 eidem
295 3501 516 3580 Patriatcbae
543 3498 743 3593 concessit,
770 3523 811 3577 ut
839 3501 927 3578 licet
955 3498 1392 3579 S.Benedibii0rdinem
1420 3516 1485 3606 erc·

131 3604 254 3701 ptelle
284 3602 458 3697 professus
485 3600 606 3679 fnisset
628 3656 640 3696 ,
666 3598 833 3677 habitum
849 3623 989 3680 tamen
1011 3656 1024 3698 ,
1050 3602 1085 3679 8<
1114 3597 1193 3676 alia
1219 3595 1483 3699 infigniaEpt·

35 3761 51 3772 s
127 3702 328 3800 scaporum
352 3699 615 3797 secularium,
642 3706 763 3801 quoad
794 3704 975 3797 viveret,
1010 3702 1149 3802 ubique
1176 3700 1314 3800 gestate
1342 3699 1486 3775 valeret

136 3798 485 3908 (H3.).NGentino
511 3804 644 3883 deinde
671 3804 877 3901 diplomate
905 3804 1005 3882 idem
1035 3804 1122 3881 Pius
1153 3800 1325 3880 Pontifex
1352 3799 1483 3877 Eccle-

95 3919 101 3939 '‘
137 3902 195 3981 liae
227 3903 389 3979 Venetae
416 3901 527 3999 jura,
562 3904 880 3982 &communivit
902 3959 914 3998 ‚
939 3905 976 3981 dt
1004 3903 1153 3982 ornauit
1181 3903 1241 3982 die
1268 3900 1370 3979 enim
1399 3913 1486 3973 xix.

135 4003 213 4102 Jul.
242 4026 349 4080 anno
375 4005 508 4081 eodem
536 4003 676 4081 lanus.
702 4005 837 4104 (quud
875 4003 977 4101 prius
1005 4029 1071 4102 pto
1099 4004 1306 4081 Vincentio
1334 3997 1490 4075 Paniar-

139 4109 213 4184 cba
239 4125 369 4203 egerat
396 4121 499 4181 anno
530 4132 635 4203 1557.
664 4108 799 4183 Paulus
828 4107 894 4182 lV.
922 4106 935 4199 )
957 4104 1234 4203 appellationes
1260 4121 1391 4178 ornnes
1412 4151 1426 4191 ,
1451 4097 1505 4175 &-

139 4207 257 4298 lites,
285 4230 375 4303 quas
404 4205 617 4306 Presbyteri
643 4208 688 4283 ad
716 4206 872 4286 titulum
899 4203 1013 4285 cledii
1021 4260 1034 4302 ,
1059 4207 1104 4379 δὲ
1108 4233 1128 4283 a
1142 4197 1355 4283 l‘attiatcha
1381 4216 1490 4374 uttpo·

244 4311 353 4390 Tam.
377 4309 479 4385 XIII.
582 4366 584 4369 -
1421 4318 1443 4380 e
