3859 5342
1414 360 1436 439 8
1611 373 1616 388 r

545 485 736 583 Pridie
760 500 846 583 Idus
870 502 1109 620 Septembris.
1312 483 1316 488 ⁵
1384 382 1404 464 3
1438 384 1526 584 912

191 603 317 685 Sancti
336 601 477 686 Niceti
505 603 692 705 Martyris
716 605 811 704 (a),
836 589 949 700 cuius
967 632 1103 704 corpus
1130 603 1340 687 Venetiis
1331 630 1370 682 tn
1395 604 1526 689 Eccle-

186 706 350 784 aas,
377 707 579 823 Raphaelis
606 705 840 805 Archangeli
867 706 1075 785 honorifice
1101 705 1299 787 'conditum
1326 704 1463 785 est.

194 806 243 901 (a
253 809 267 903 )
294 808 419 886 Divus
447 806 642 985 Nicetstlp
632 830 671 883 sn
684 805 821 886 Eccles
811 833 845 884 a
859 805 953 884 Dius
965 808 1168 907 Raphaelrs
1181 808 1411 906 Archangeli
1423 832 1527 923 quse

239 909 343 987 scens
371 909 522 1024 Martyr
551 910 576 984 il
643 906 750 1002 suit,
777 910 790 1005 (
818 930 859 984 ut
885 907 998 988 refert
1003 909 1189 1085 sciusdem
1216 909 1387 989 Ecclesia
1415 906 1525 987 tradi·

240 1008 322 1102 tio)
348 1009 414 1106 qui
442 1004 882 1106 inpersecutioneDecii
905 1005 1093 1107 praecisam
1120 1007 1186 1090 srbi
1216 1012 1346 1090 morsu
1353 1010 1527 1109 linguam
1677 1093 1681 1101 Α

237 1107 278 1186 in
305 1108 438 1186 faciem
468 1108 676 1193 meretricis
702 1108 869 1226 expuit,
894 1109 999 1203 cujus
1026 1110 1209 1209 suppresso
1235 1112 1392 1192 nomine
1419 1135 1524 1189 men·

79 1307 80 1312 Ἰ
239 1209 384 1287 tionem
414 1211 552 1310 ingerit
580 1209 905 1309 Martyrologium
934 1212 1150 1290 Romanum
1177 1213 1223 1291 ad
1245 1212 1350 1310 diem
1379 1218 1437 1295 28
1463 1212 1524 1310 Ju-

240 1308 306 1386 lii.
336 1312 446 1388 Plura
471 1313 517 1391 de
544 1336 590 1392 eo
616 1310 788 1389 dedimus
817 1312 992 1390 TommV
1020 1335 1099 1412 pag
1114 1339 1196 1411 335.

662 1510 789 1591 Idibus
813 1511 1053 1611 Septembris.
1156 1501 1161 1510 ’
1479 1537 1522 1610 13

185 1610 312 1694 Saodi
339 1612 483 1714 Ligorii
507 1614 697 1713 Martyris
727 1617 776 1713 (a
785 1612 821 1710 ),
847 1616 913 1716 qui
940 1616 979 1694 in
997 1637 1124 1696 eremo
1149 1612 1287 1726 degens
1313 1636 1334 1689 a
1360 1607 1525 1689 Gentili-

237 1717 306 1792 bus
331 1717 382 1794 ob
409 1713 553 1792 Chrilli
591 1715 703 1792 fidem
739 1735 894 1794 necatus
917 1716 1011 1800 est.
1024 1716 1202 1815 Corpus
1236 1739 1315 1809 etus
1343 1709 1526 1790 Venetiae
1642 1759 1662 1820 1

235 1815 501 1914 asportatum
493 1841 532 1892 sn
559 1813 726 1896 Ecclelia
759 1816 884 1894 Sansii
906 1797 1106 1898 Laurentii
1142 1816 1287 1944 summa
1315 1812 1523 1891 veneratio
1661 1827 1665 1856 ¹

234 1941 281 1992 ne
309 1917 528 1993 asservatur.
729 1981 733 1990 ,

179 2014 230 2110 (a
241 2017 254 2113 )
281 2022 314 2093 Α
343 2015 702 2096 Saudimouialibus
731 2015 952 2094 Monallerii
981 2019 1147 2097 S.Laure
1153 2016 1223 2095 ntii
1248 2010 1522 2106 Venetiarum‚
1650 1987 1665 2094 l

231 2118 272 2191 in
299 2142 375 2214 quo
403 2120 658 2195 venerandum
671 2115 921 2214 DiviLigorii
948 2123 1084 2217 corpus
1110 2115 1294 2230 quiescit,
1322 2110 1521 2210 selinmip·
1647 2107 1650 2124 ¹

213 2215 304 2292 lius
331 2217 402 2293 hac
427 2216 507 2292 die
515 2215 734 2295 solemniter
761 2216 972 2316 peragitur,
998 2219 1034 2296 8<
1063 2242 1217 2317 propria
1246 2212 1442 2295 Leiiiones
1467 2211 1522 2289 lc·
1595 2287 1600 2304 Ι
1649 2295 1655 2308 ,

232 2337 410 2415 guntur,
435 2318 475 2393 in
502 2317 640 2415 quibus
665 2317 797 2416 gella,
834 2316 1107 2420 Martyrium,
1141 2313 1390 2397 &divinitus
1426 2308 1522 2389 sadla

229 2417 398 2519 corporis
425 2417 609 2497 revelatio
635 2370 893 2498 recenseistur

501 2618 788 2714 Decimoassavo
808 2612 1000 2698 Kalendas
1024 2619 1205 2699 usstass.
1474 2637 1521 2712 14
1580 2690 1588 2698 .

172 2720 370 2799 Exaltatio
396 2721 539 2802 Sausiae
564 2711 727 2817 Crucis,
751 2723 903 2820 quando
931 2722 1130 2801 Heraclius
1157 2725 1397 2819 Imperator,
1422 2715 1520 2793 Cos-

227 2845 293 2900 roe
322 2825 425 2923 Rege
452 2822 636 2919 desidio,
673 2846 756 2902 eam
794 2823 840 2901 de
869 2822 1012 2902 Perside
1038 2824 1124 2920 Jero
1128 2824 1317 2923 solymam
1355 2838 1518 2918 reporta·

173 3022 189 3116 (
201 2922 464 3137 ainPiuriinae·
494 3021 655 3100 vivifica
681 3021 822 3100 Crucis
856 3020 1049 3122 portiones
1086 3020 1158 3101 hac
1194 3016 1304 3101 die
1293 3042 1335 3096 tn
1361 2970 1521 3096 Venetis

228 3121 404 3202 Ecclcliis
431 3121 562 3223 pietati
589 3117 758 3200 fidelium
786 3144 1049 3270 exponuntur

486 3321 790 3441 Decimoseptimo
815 3318 1008 3403 Kalendas
1032 3315 1214 3400 oannis.
1268 3371 1273 3378 ·
1459 3342 1515 3415 ις

169 3422 300 3506 Sancti
329 3425 478 3505 Nicetae
505 3425 626 3506 Gothi
655 3429 668 3525 (
682 3430 762 3526 a)
797 3427 863 3528 qui
890 3428 937 3505 ab
968 3424 1203 3504 Athanarico
1231 3423 1336 3522 Rege
1362 3420 1415 3500 ob'
1441 3418 1516 3496 Ca·

89 3594 91 3597 .
223 3525 408 3607 tholicans
436 3527 548 3606 fidem
576 3527 685 3624 jutis
711 3531 877 3627 esttgne
903 3527 1105 3608 comburi.
1571 3551 1573 3554 ·

169 3629 222 3729 (a
232 3625 246 3720 )
273 3630 333 3705 De
359 3655 405 3706 eo
433 3628 472 3707 in
500 3553 668 3709 Ecclefii
691 3633 727 3708 S
742 3629 896 3710 Nicolai
921 3628 1138 3730 quiescente
1164 3625 1288 3724 agitur
1315 3622 1355 3701 in
1382 3571 1517 3702 eadem

159 3758 161 3766 ’
221 3727 387 3807 Ecclesia
415 3730 476 3807 die
504 3738 560 3809 28
590 3732 824 3811 Novembris
860 3730 1007 3810 sortasse
1033 3733 1085 3810 ob
1113 3728 1398 3808 translationem
1423 3720 1517 3804 sacti

125 3897 132 3909 .
225 3830 411 3934 corporis
423 3855 468 3909 ea
494 3832 555 3910 die
580 3833 791 3934 perusiam.

342 4075 345 4084 ·
479 3979 759 4114 Sextodecimo
779 4029 970 4114 Kalendas
995 3999 1217 4113 ossabris
1411 4049 1417 4056 “
1472 4026 1517 4102 16

101 4157 106 4166 ’
166 4113 610 4230 Sanaoroncanem
635 4139 750 4236 &Cy
754 4137 893 4238 priani·
888 4136 1127 4215 Pontificum
1155 4121 1517 4242 amaricamur),
1578 4133 1582 4138 ’

224 4262 387 4335 quotum
415 4237 551 4316 natalis
578 4165 864 4326 decimoosiavo
892 4237 1082 4318 Kalendas
1109 4230 1287 4315 Odlobris
1313 4225 1516 4305 recolitur.

160 4333 236 4438 (a)
263 4338 359 4418 Sub
367 4338 476 4419 Divi
490 4338 681 4440 Cypriani
718 4341 875 4446 numine
927 4359 1054 4422 extat
1046 4329 1294 4418 Mariani
1283 4355 1325 4411 tn
1351 4318 1518 4510 Dgssefi
1711 4411 1713 4416 .
1822 4339 1826 4346 ’
