3859 5342
457 361 545 452 354

385 551 413 596 „
439 517 524 591 tur,
550 493 678 596 ibique
705 492 900 595 sepulture
926 487 1190 584 mandaretur,
1215 481 1276 567 sed
1301 507 1389 568 cum
1417 483 1534 588 longo
1550 499 1724 592 tempore

385 652 413 697 „
441 600 547 676 sacrae
574 597 733 675 Gloriosa
775 595 882 690 hujus
912 593 1097 694 Martyris
1124 590 1307 690 Reliquiae
1344 591 1440 690 apud
1467 593 1723 692 Campsadem

383 725 551 799 „prope
578 699 791 776 Civitatem
824 704 1063 798 Apameam,
1098 718 1140 772 ur
1168 696 1241 794 ipse
1270 697 1532 789 mandaverat,
1558 694 1723 794 quievis-

385 855 414 898 „
439 811 544 894 lent,
568 801 707 899 placuit
736 802 887 878 tandem
917 798 1070 875 Divinae
1098 795 1347 874 Providentiae
1374 815 1523 873 tantum
1552 798 1725 876 Thesau-

384 954 413 1000 „
440 927 523 979 tum
551 928 638 980 cum
669 903 776 978 ltalia
802 899 1107 979 communicare.
1136 901 1266 998 ltaque
1295 898 1440 974 Veneta
1469 897 1568 974 Navi
1597 899 1722 997 aspor-

385 1055 414 1101 „
440 1025 585 1098 tatum,
612 1026 723 1099 atque
750 1007 845 1099 apud
873 1002 1087 1080 Catharum
1102 999 1301 1079 Dalmatia
1329 1001 1461 1076 urbem
1488 999 1725 1102 depositum,
1836 1017 1842 1022 '

248 1193 250 1196 ,
383 1156 412 1202 ,,
439 1103 558 1183 vicini
595 1128 728 1200 omnes
765 1102 895 1206 populi
933 1125 1069 1204 magna
1105 1100 1324 1182 celebritate
1350 1102 1508 1182 colunt.

887 1301 1004 1383 Nonis
1029 1301 1240 1383 Februarii.

385 1401 544 1484 Catenae
572 1405 611 1484 in
640 1404 769 1486 Sicilia
797 1409 933 1487 natalis
960 1405 1101 1485 Sancite
1130 1407 1286 1507 Agatha
1315 1401 1524 1503 Virginis,
1559 1402 1597 1482 8t
1626 1400 1729 1481 Mat·

439 1510 535 1607 tyris
561 1505 659 1606 (a),
683 1535 765 1609 quae
790 1507 868 1609 poll
891 1509 1187 1587 mammillarum
1210 1504 1492 1601 abscissionem,
1517 1503 1597 1606 poll
1624 1506 1728 1582 tolu-

437 1613 622 1688 tationem
646 1609 867 1707 intellulis,
892 1611 1193 1707 &carbonibus,
1219 1608 1368 1687 tandem
1387 1606 1428 1688 in
1440 1631 1588 1688 carcerc
1600 1605 1729 1688 Deum

437 1715 634 1807 ptaecando
660 1713 920 1790 consummata
947 1711 1020 1790 est.

388 1807 462 1907 (a)
488 1814 543 1889 Os
571 1813 713 1890 brachii
746 1814 854 1892 Divae
884 1814 994 1907 liuius
1023 1810 1208 1913 Martyris
1234 1813 1456 1892 translatum
1484 1808 1556 1888 suit
1581 1834 1630 1888 cx
1655 1809 1730 1890 Ut·

438 1912 484 1988 be
513 1913 896 2012 constantinopoleos
926 1915 1104 2018 Venetiae
1141 1915 1208 1993 sub
1244 1914 1415 1993 ilenrico
1441 1911 1618 1991 Dandulo
1647 1913 1731 1989 Du·

437 2036 517 2105 ce,
552 2039 665 2114 atque
693 2014 732 2092 in
760 2016 992 2096 eaucclesra
1021 2018 1222 2111 locatum,
1246 2041 1328 2116 quae
1355 2015 1450 2092 olim
1478 2013 1586 2093 Divae
1614 2010 1731 2110 ipfius

434 2114 620 2211 Agatha,
647 2141 747 2195 nunc
776 2143 866 2193 veto
893 2117 1018 2196 senui
1046 2117 1184 2197 Ubaldi
1215 2137 1487 2214 nuncupatur,
1520 2111 1731 2215 cujusqua-

283 2305 285 2308 .
434 2213 522 2294 dem
550 2217 725 2297 Ecclesrae
752 2218 885 2298 Santra
915 2221 1066 2322 Martyr
1094 2220 1145 2298 est
1171 2217 1432 2298 contitulatis.
1495 2279 1499 2280 ν

816 2417 956 2498 oblano
982 2420 1069 2499 Idus
1094 2416 1289 2501 Februarii
1297 2364 1317 2498 ,ἡ
1707 2417 1734 2494 6

221 2533 226 2537 '
382 2517 561 2606 Ctesateae
589 2516 628 2596 in
654 2520 895 2620 Cappadocia
923 2525 1059 2600 natalis
1087 2518 1448 2603 sanuaeuororheae
1469 2513 1728 2619 Virgine&

438 2619 624 2719 Martyris
645 2620 755 2715 (a),
787 2647 869 2720 qua
908 2623 974 2700 sub
1001 2625 1169 2722 Sapricio
1206 2626 1312 2704 illius
1338 2622 1546 2702 Provincia
1576 2613 1729 2699 Ptaelide

439 2719 596 2817 capitali
624 2719 809 2797 sententia
838 2723 970 2820 punita
995 2724 1067 2802 eli.

388 2818 462 2919 (a)
489 2821 547 2897 Ex
574 2822 609 2897 S.
637 2821 798 2898 Rituutn
825 2824 874 2899 C.
903 2823 1053 2902 indulto
1078 2824 1223 2904 colitur
1248 2827 1282 2905 S.
1297 2824 1495 2903 Dorothea
1524 2823 1570 2899 V.
1583 2822 1641 2898 M.
1656 2820 1731 2897 Ve·
1816 2876 1822 2882 -

433 2923 548 2999 nctiit
574 2921 704 2999 officio
731 2923 992 3003 Ecclesiastico
1028 2929 1094 3004 sub
1123 2927 1215 3004 titus
1245 2925 1476 3025 semiduplici
1506 2924 1731 3003 obiectum

434 3021 547 3121 ipsius
573 3022 802 3118 Brachium,
828 3051 905 3122 quo
932 3029 1075 3108 ditatur
1101 3027 1265 3108 Ecclesia
1293 3025 1507 3109 Patoecialit
1531 3023 1732 3105 ss.s'rrno-

434 3123 518 3220 nis,
542 3125 580 3205 δι
605 3125 709 3225 Judae
734 3125 1029 3227 Apostolorum.

806 3330 969 3427 Septimo
994 3328 1083 3410 Idus
1107 3330 1319 3412 Februarii.
1704 3351 1733 3424 7

384 3424 512 3509 Sancli
536 3427 743 3507 Romualdi
771 3434 955 3529 abbans,
983 3434 1267 3512 Monachoeum
1296 3428 1646 3512 Camaldulcnfium
1667 3429 1735 3506 Pe·-

434 3530 503 3608 tris
528 3530 624 3626 (a),
650 3531 757 3626 cujus
781 3535 861 3612 dies
888 3536 1022 3612 natalis
1047 3534 1170 3636 agitur
1199 3537 1461 3615 tertiodecimo
1474 3530 1735 3628 KalendasJu·

432 3629 503 3707 lii.
529 3630 720 3709 Heracleae
749 3634 870 3711 Saneli
900 3637 1097 3712 Theodoti
1135 3637 1299 3716 ducionis
1327 3638 1493 3716 minium
1523 3631 1631 3733 (b),
1665 3627 1737 3731 qui

434 3729 589 3808 Licinio
617 3733 849 3831 imperante,
878 3736 955 3834 post
985 3741 1109 3817 multa
1134 3760 1326 3819 tormenta
1352 3759 1550 3819 truncatur
1574 3732 1736 3836 capite,

431 3832 554 3912 vilior
583 3833 760 3934 migravit
788 3838 826 3914 in
852 3842 1019 3917 coelutn.
1386 3915 1390 3922 .

384 3929 458 4030 (a)
486 3933 612 4013 Divus
641 3937 875 4018 Romualdue
904 3946 1067 4035 Abbas,
1099 3941 1206 4038 cujus
1243 3968 1285 4021 ot
1321 3941 1363 4018 in
1389 3937 1550 4022 Ecclefia
1577 3939 1614 4018 S.
1640 3934 1736 4014 ele·

433 4037 576 4118 tuentis
602 4038 858 4120 Eremitaturn
871 4043 1220 4122 Camaldulcnsrum
1249 4047 1475 4140 asservatur,
1503 4037 1733 4144 primnEte·

429 4136 554 4218 mitici
582 4141 635 4220 sui
667 4141 826 4219 instituti
857 4146 1008 4220 exordia
1037 4147 1077 4220 in
1104 4145 1243 4224 finibus
1268 4150 1500 4226 Venetorum
1527 4136 1735 4241 disposuit,

428 4261 521 4315 mox
549 4239 588 4317 in
614 4241 852 4352 Cuttanenfis
883 4246 1103 4324 monasterii
1131 4249 1299 4326 claulltis
1328 4248 1432 4329 Divo
1458 4249 1572 4329 Petro
1594 4239 1732 4324 Urleo-

428 4336 469 4419 lo
494 4340 698 4444 spiritualis
725 4345 816 4428 vitta
840 4344 940 4426 Dux.
959 4344 1119 4446 suin&
1147 4349 1352 4450 Magister.
1606 4435 1675 4540 (b)
