3859 5342
479 380 542 491 '56
679 378 760 465 Du
792 378 1065 466 Eccsesra
1097 377 1531 465 Parstrncrrr‘tr

420 530 563 633 ,J‘curn
593 527 740 629 studia,
776 533 812 612 8(
839 531 1016 613 desideria
1043 528 1181 613 Nollra
1207 532 1307 612 circa
1335 516 1504 624 Pa'cetu,
1531 534 1583 607 'ac
1610 520 1771 609 tellure·
1906 618 1907 643 Ν

422 689 451 734 ,,
478 635 689 737 grationem
718 632 1025 714 Christianorum
1053 634 1335 734 cognoveritis,
1363 656 1430 711 vos
1455 626 1770 710 creurmnssusrr·

421 790 450 835 „
476 760 626 839 pruros.
655 737 811 817 Etenim
838 736 959 816 lelicis
988 735 1259 815 recordationis
1286 724 1771 831 InnoceritlotPapaScpri·

420 866 540 937 „mo
569 838 822 919 predecessore
860 837 987 916 nostro
1021 836 1157 918 ottavo
1183 839 1274 916 ldus
1302 836 1541 930 Novembris
1569 830 1769 926 abanujm

421 994 449 1039 „
475 942 590 1021 seculi
619 939 849 1019 mortalitate
877 939 1164 1035 sublatoscum
1193 940 1271 1038 post
1297 937 1497 1038 exequias,
1524 954 1566 1012 ur
1593 928 1773 1011 morisest

417 1041 693 1139 „solemniter
719 1043 958 1138 celebratas,
991 1042 1242 1123 'Venerabiles
1269 1042 1428 1119 Fratres·
1450 1036 1565 1117 nollri
1591 1036 1626 1112 S.
1654 1036 1700 1109 Rc
1729 1032 1771 1110 E„

422 1198 451 1243 „
475 1143 724 1239 Cardinales,
751 1143 796 1220 dc
822 1166 985 1242 quorum
1014 1168 1174 1223 numero
1201 1165 1475 1227 muceranios,
1503 1138 1681 1215 invocata
1693 1134 1771 1233 Spi-

423 1298 451 1342 „
478 1244 572 1323 ritus
598 1244 723 1323 saneti
751 1245 870 1344 gratia
906 1243 945 1322 in
976 1245 1121 1323 Palatio
1150 1242 1376 1344 Apostolico
1395 1242 1492 1341 apud
1520 1241 1555 1317 S.
1587 1239 1775 1330 Petrum,

423 1399 451 1441 „
479 1371 546 1446 pru
572 1344 757 1424 elesiione
795 1346 912 1424 futuri
940 1347 1106 1424 Romani
1137 1345 1332 1424 pontificis
1368 1343 1568 1422 Conclave
1605 1335 1776 1415 intravis-

425 1498 453 1543 „
480 1449 585 1543 sent,
611 1447 777 1542 multis,
794 1473 837 1527 ac
864 1447 984 1525 varii's'
1007 1446 1226 1527 traslatibrls
1250 1470 1316 1546 per
1343 1442 1571 1559 pluresdies
1599 1439 1768 1532 habitis,

422 1601 456 1644 „
483 1549 635 1637 tandem
672 1548 713 1626 in
740 1574 807 1627 nos
834 1570 925 1628 tunc
952 1548 1057 1655 tituli
1086 1550 1121 1626 S.
1145 1549 1268 1627 Marci
1285 1550 1565 1647 ·Presbyterum
1592 1541 1773 1644 Qardina-

424 1703 452 1747 ‚,
479 1651 565 1729 lem·
584 1650 818 1729 unanimiter
842 1651 977 1735 oculus
1002 1650 1244 1746 direxerunt,
1266 1676 1340 1729 nos
1368 1650 1406 1726 in
1434 1651 1651 1751 Romanum
1674 1644 1774 1723 ‘Pon-
1798 1702 1801 1707 ,

316 1826 320 1837 ,
425 1804 454 1849 „
481 1751 624 1831 tificern
652 1751 890 1833 concorditer
918 1753 1122 1851 eligentes.
1147 1754 1234 1830 Nos
1262 1778 1353 1831 vero
1379 1764 1604 1852 quamquam
1630 1744 1777 1848 proint-

426 1904 456 1951 ‚,
483 1853 694 1934 berillitrte
721 1853 842 1932 riollra
870 1875 1020 1932 tanturn
1047 1880 1145 1932 onus
1171 1854 1295 1933 subire
1306 1853 1621 1947 formidabamus,
1649 1868 1778 1927 tumen

425 2004 454 2053 „
480 1953 520 2032 itt
546 1980 617 2053 eo,
642 1954 1035 2057 qnimirabiliasacir,
1061 1956 1122 2055 spe
1148 1978 1356 2058 concepta,
1383 1949 1779 2034 submillrmushume·
1839 2038 1842 2041 ,

422 2107 460 2169 q„
484 2082 546 2135 ros
572 2083 650 2136 non
678 2057 724 2161 de
752 2055 875 2136 nostra
902 2056 1069 2153 virtute,
1096 2058 1156 2135 sed
1182 2058 1229 2135 de
1256 2058 1402 2136 Summi
1433 2057 1508 2136 Dei
1530 2107 1544 2148 ‚
1569 2052 1675 2153 cujus
1699 2072 1780 2147 pto

427 2180 457 2253 ·„
481 2158 670 2237 culdubio
694 2183 753 2239 res
780 2159 930 2259 agitur,
957 2159 1193 2258 benignitate
1221 2159 1372 2254 confisi,
1397 2184 1486 2238 cura
1514 2153 1632 2255 igitur
1659 2151 1780 2233 l‘aslt's·

427 2311 457 2355 „
483 2259 572 2339 ralis
597 2259 741 2357 officii,
769 2286 845 2339 non
873 2286 942 2360 pro
968 2261 1103 2356 nobis,
1129 2262 1190 2338 sed
1218 2287 1285 2360 pro
1297 2262 1373 2342 Dei
1402 2256 1634 2352 honored&
1661 2251 1789 2355 publi·

427 2412 457 2457 „
480 2382 526 2439 ce
553 2362 732 2439 utilitatis
758 2364 963 2440 commodo
990 2362 1148 2461 suscepti
1165 2362 1220 2439 *ad
1248 2362 1343 2441 illud
1370 2384 1458 2439 ante
1484 2356 1783 2438 omniaconuer·

429 2513 456 2557 „
485 2462 602 2539 timus
628 2463 826 2559 anihsum,
854 2484 895 2567 ult
920 2488 1010 2541 cum
1038 2460 1173 2541 effedlu
1198 2462 1300 2543 nanc
1326 2462 1560 2563 pestiferam,
1585 2457 1623 2535 8(
1649 2455 1783 2535 exitia-

429 2614 460 2657 „
487 2563 561 2639 lem
590 2563 803 2658 scissuram,
829 2586 902 2665 que
924 2555 1782 2666 pertotannorumcurriculapopulumCltri·
1910 2588 1911 2617 r

426 2715 455 2759 ,‚
483 2662 644 2743 ilianum
674 2663 865 2764 pervasit,
891 2668 938 2745 ad
963 2665 1360 2768 redintegrationem,
1396 2665 1654 2746 &mitatem
1676 2661 1786 2739 redu·

424 2815 454 2861 „
480 2788 643 2883 camus,
677 2768 787 2870 super
812 2791 889 2867 quo
915 2769 1248 2869 tantamjgrariaru
1276 2771 1466 2870 speramus
1491 2763 1601 2863 nobis
1626 2784 1674 2841 ex
1700 2762 1783 2841 alto

324 2896 327 2899 ·
420 2887 453 2961 ᾗ,
479 2867 666 2967 prestari,
704 2886 746 2950 ut
782 2870 854 2969 jam
893 2870 1405 2952 nobis-suaserimusbrevi
1443 2864 1624 2969 temporis
1660 2862 1783 2966 spatio

424 3012 453 3062 2,
483 2969 581 3085 ltoc,
607 2972 709 3073 quod
734 2973 934 3076 cupimus,
957 2973 1004 3053 ad
1021 2972 1208 3053 'effessum
1236 2972 1464 3073 perducere,
1491 2986 1611 3073 arque
1630 2988 1674 3046 ur
1700 2989 1782 3045 om·

422 3114 452 3164 ,‚
477 3071 590 3151 nibus
626 3080 762 3153 nor'um
790 3074 833 3155 fit
858 3075 979 3154 animi
1008 3076 1123 3154 nollri
1151 3073 1405 3176 propositum,
1429 3071 1669 3156 decrevimus
1683 3090 1684 3093 ‘
1688 3092 1783 3169 pori

422 3216 451 3264 „
477 3170 548 3268 juri
576 3174 724 3272 nolito,
750 3177 853 3277 quod
880 3176 1112 3258 verissimum
1136 3174 1215 3274 eli,
1240 3177 1449 3258 innitentes
1476 3178 1781 3259 tollereomneus
1911 3212 1912 3215 κ

423 3320 453 3365 ‚,
479 3271 683 3390 affedlum,
710 3277 745 3354 8(
773 3276 948 3358 effessum
977 3300 1056 3359 tarn
1085 3278 1200 3377 juris,
1224 3304 1338 3379 quam
1367 3279 1488 3378 sadi,
1523 3294 1709 3380 quantum
1738 3270 1778 3351 itt

416 3406 454 3467 ·„
477 3377 592 3490 *nobis
619 3376 898 3493 rationabiliter
924 3380 996 3461 esse
1022 3380 1196 3481 poterit,
1233 3407 1310 3483 quo
1337 3380 1512 3485 impediri
1550 3379 1673 3457 valeat
1700 3396 1782 3472 gra·

424 3520 453 3565 „
481 3472 617 3590 ttsltma
643 3478 952 3561 Christianorum
982 3484 1109 3578 unio,
1145 3508 1193 3560 ne
1221 3485 1336 3562 rantis
1362 3476 1643 3562 calamitatibus
1669 3475 1783 3571 subji-

321 3614 328 3623 ·
420 3623 455 3666 „
478 3598 600 3658 cratus
627 3580 866 3663 Sacrosantra
892 3582 1091 3664 Ecclefia.
1118 3584 1191 3661 Sed
1218 3608 1295 3682 qno
1322 3583 1505 3661 validiora
1526 3610 1547 3678 ‚¹
1573 3578 1780 3671 firmiora,

420 3718 450 3769 2,
474 3675 511 3753 8(
538 3681 698 3762 certiora
724 3685 812 3765 sunt
836 3685 916 3783 jura
944 3684 1091 3777 nostra,
1116 3683 1153 3760 8(
1174 3680 1325 3783 quanto
1343 3684 1528 3785 magisde
1550 3678 1628 3763 illis
1654 3675 1779 3758 uulla-

420 3824 448 3869 n
474 3799 584 3896 tenus
610 3782 853 3881 dubitamus,
880 3806 988 3864 tanto
1008 3784 1237 3864 laudabilius
1261 3788 1333 3864 elle
1359 3787 1559 3883 ducimus,
1587 3807 1656 3884 pro
1683 3802 1777 3882 pace

324 3942 327 3952 t
418 3926 450 3970 „
473 3879 782 3966 Christianorum
811 3885 877 3964 illa
903 3886 1114 3984 deponere.
1143 3887 1238 3965 Non
1263 3886 1368 3966 enim
1396 3888 1540 3988 semper
1566 3884 1640 3984 juri
1670 3879 1781 3960 inhe-

417 4029 445 4073 „
473 3983 630 4065 rendum
654 3984 741 4083 est,
777 3990 861 4085 sepe
888 3987 1034 4064 utilitas
1057 4041 1071 4081 ,
1094 3987 1131 4065 8(
1160 3989 1341 4087 temporis
1369 3988 1540 4068 habenda
1568 3983 1777 4070 cisiario.

417 4131 445 4175 „
474 4084 606 4198 ltaque
633 4088 741 4165 omni
778 4086 1030 4189 contentione
1049 4086 1212 4187 seposita
1249 4090 1294 4167 ad
1319 4090 1574 4169 adversarium
1607 4086 1781 4171 nostrum

417 4228 446 4278 „
472 4208 546 4301 ram
575 4188 808 4287 scripsimus,
837 4186 957 4285 ipsum
992 4189 1039 4266 ad
1066 4210 1197 4288 pacem
1220 4192 1298 4284 ‚tr
1320 4194 1505 4271 unionem
1530 4183 1780 4290 benigne'irr·

416 4333 444 4376 „
470 4307 660 4381 vitantes,
686 4309 800 4387 arque
821 4288 1026 4367 offerentes
1047 4315 1119 4367 nos
1139 4312 1286 4389 paratos
1320 4296 1364 4371 ad
1396 4294 1488 4392 juris
1504 4292 1625 4370 nostri
1648 4284 1782 4367 cellio-

415 4406 444 4481 ll
469 4411 594 4488 nem,
630 4388 668 4470 8(
689 4391 736 4470 ars
757 4389 936 4491 Papatus-
948 4389 1292 4475 rensmriariuneru·
1306 4395 1514 4479 efficaciter
1537 4414 1609 4497 per
1630 4412 1702 4506 irps
1728 4385 1783 4477 st·

469 4522 477 4537 ·
521 4534 527 4541 ·
1628 4515 1729 4571 cren·
