3859 5342
163 527 373 638 ,ndmiue
400 534 530 620 audito
555 533 715 640 maligni
741 533 891 640 spiritur
911 534 1152 640 fugarentur:
1178 541 1509 626 cumautemado·

164 692 193 737 „
217 640 385 736 levisset,
410 642 447 719 8<
470 640 647 743 Philippo
660 645 889 740 Imperatore
916 642 1109 721 demedio
1136 644 1306 741 sublato,
1335 645 1510 748 Deciana

164 791 193 839 „
218 743 455 842 persequutio
492 744 533 823 in
558 741 795 822 Christiano:
830 741 959 824 sarire
986 741 1185 844 coepillet,
1222 766 1314 826 tunc
1350 745 1510 825 denum

163 893 192 939 „
216 843 412 942 apparuit,
438 869 517 943 quo
539 842 698 924 consilio
709 843 855 924 Divina
879 843 1118 946 ¹providentia
1137 846 1300 928 militem
1312 844 1509 946 luurnjatu

162 993 192 1039 „
216 943 302 1021 inde
330 971 350 1021 a
379 945 538 1046 pueritia
565 967 642 1024 tam
670 945 854 1047 preclaris
879 944 989 1027 donis
1013 947 1206 1050 orualset,
1229 947 1268 1031 dt
1292 949 1407 1034 arnis
1431 973 1510 1032 toe·

158 1091 192 1148 Ι,,
221 1043 376 1127 lestibus
402 1045 640 1132 muniviliet.

641 1192 1040 1331 :neuton

215 1500 243 1548 ,‚
268 1448 429 1536 Delatus
455 1449 572 1553 igitur
597 1450 643 1531 ad
670 1450 898 1552 Aquilinum
926 1450 1145 1534 Prafedium
1167 1450 1381 1553 Tryphon,
1405 1447 1509 1551 quod

163 1601 193 1649 „
219 1578 297 1631 uon
323 1553 445 1632 solum
474 1553 549 1654 ipse
560 1551 758 1632 Christum
786 1553 952 1657 impense
977 1555 1144 1650 coleret,
1168 1554 1230 1633 sed
1256 1552 1398 1631 multoe
1419 1575 1508 1651 prae·
1603 1609 1607 1620 Α

160 1675 318 1750 „terea
353 1654 449 1733 alios
485 1654 622 1754 partim
661 1655 854 1735 beneficiis
880 1655 1158 1749 curationum,
1194 1653 1331 1754 partim
1360 1651 1508 1731 Divina

160 1806 190 1850 „
215 1755 376 1854 quadam
414 1754 631 1853 eloquentia
666 1757 712 1833 ad
738 1755 995 1838 Christianam
1033 1757 1100 1835 reli
1131 1756 1259 1835 ionem
1296 1752 1511 1849 alliceret,

158 1907 189 1951 „
215 1854 402 1935 continuo
428 1879 565 1953 magna
593 1854 756 1935 Profecti
783 1857 983 1957 diligentia
1007 1783 1203 1958 quotins,
1227 1856 1265 1936 ἃ
1289 1853 1510 1950 inventus,

156 2007 185 2053 ,‚
213 1955 348 2035 fistitur
374 1957 420 2035 ad
447 1957 658 2037 Tribunal.
684 1959 789 2040 Cum
818 1984 932 2054 vero,
959 1978 1001 2038 ut
1029 1983 1195 2053 nomen,
1222 1954 1410 2048 Patriam,
1435 1952 1510 2032 for·

155 2109 185 2154 „
212 2077 373 2151 tunam,
396 2058 435 2135 dc
462 2059 687 2155 religionem
714 2060 818 2137 suana
845 2061 993 2140 edicere
1018 2059 1233 2156 juberetur,
1259 2054 1443 2156 intrepide
1454 2076 1511 2132 te·

152 2209 183 2256 „
209 2156 380 2256 spondit:
408 2159 612 2255 Religione
638 2156 877 2240 Christianus
903 2159 1008 2252 sum,
1035 2183 1176 2237 nornen
1204 2155 1302 2236 mihi
1315 2154 1509 2255 Tryphon
1535 2243 1544 2250 .

154 2309 184 2354 „
212 2255 289 2350 est,
317 2253 815 2357 PatriaVicusCampsade,
831 2259 991 2343 ,fortuna
1011 2260 1114 2360 apud
1142 2283 1211 2338 not
1237 2280 1308 2337 nec
1334 2253 1410 2351 est,
1436 2278 1508 2334 uec

153 2409 184 2456 „
212 2357 392 2453 dicetur,
427 2359 493 2458 qui
521 2358 758 2458 providentia
785 2360 863 2438 Dei
887 2360 1023 2440 cundia
1056 2360 1245 2439 credimus
1271 2354 1507 2457 gubernari.

155 2510 187 2556 „
214 2458 320 2534 Tum
349 2482 440 2538 veto
464 2460 557 2557 jussu
584 2458 752 2544 ,Profecti
778 2460 893 2539 uariis
919 2482 1199 2541 tormentorum
1227 2457 1429 2560 generibus
1447 2477 1507 2533 ett-

157 2611 186 2657 „
213 2558 403 2640 cruciatur
421 2614 435 2658 ,
456 2560 677 2640 incredibili
703 2562 944 2658 constantia,
980 2564 1017 2645 t<
1044 2560 1267 2641 fortitudine
1293 2556 1423 2637 omnia
1449 2556 1508 2635 su·

153 2711 184 2757 „
211 2660 383 2757 perurit,
410 2662 575 2761 primum
600 2661 705 2741 enim
733 2664 780 2741 ad
806 2666 945 2742 multas
973 2664 1086 2742 horat
1112 2662 1152 2740 in
1180 2661 1288 2762 ligno
1314 2657 1506 2761 suspensus

152 2810 183 2859 ,‚
209 2758 365 2840 caditur
387 2787 401 2854 3
426 2763 560 2841 deinde
589 2763 770 2857 vindos,
806 2766 992 2864 nudisque
1021 2764 1178 2865 pedibus
1205 2788 1270 2864 per
1295 2761 1379 2841 loca
1406 2760 1507 2936 asfe-

152 2909 183 2958 „
210 2884 250 2952 ra
277 2885 426 2954 currere
452 2863 638 2963 cogitur,
662 2865 764 2965 quod
792 2864 1018 2965 supplicium
1047 2862 1192 2942 invido
1218 2862 1348 2941 animo
1370 2886 1437 2960 per
1455 2883 1508 2937 er-

151 3012 182 3059 „
207 2987 295 3040 rent
320 2965 500 3041 canebat:
529 2963 694 3054 Perfice,
718 2965 913 3056 Domine,
938 2963 1192 3062 grellustneos
1203 2959 1242 3038 in
1254 2959 1396 3038 semitis
1409 2958 1509 3057 tuis,

153 3112 184 3157 „
210 3082 254 3137 ut
282 3084 359 3139 non
387 3082 615 3140 moveantur
642 3059 797 3160 uestigia
822 3086 940 3154 rnea3
966 3084 1049 3142 tum
1079 3062 1188 3160 pedet
1214 3059 1508 3156 ejusacutiscla·
1631 3103 1635 3108 ,

147 3212 186 3263 2„
212 3159 271 3237 vis
298 3158 565 3256 perforantur,
601 3161 639 3239 ἃ
674 3161 750 3258 ipse
786 3161 1041 3248 nihilominus
1078 3188 1143 3262 pet
1169 3161 1331 3240 mediam
1359 3160 1507 3238 Urbem

95 3361 97 3367 Α
155 3312 186 3360 „
212 3258 432 3339 verberibus
457 3261 643 3363 agitatur.
671 3260 754 3339 Post
781 3262 921 3342 iterum
950 3262 1067 3363 virgis
1093 3261 1186 3342 caso
1212 3262 1309 3342 laces
1334 3259 1509 3339 ardentes

156 3412 187 3474 ‚,
211 3358 289 3457 ejus
314 3359 494 3440 lateribus
532 3362 792 3449 adhibentur:
828 3364 875 3448 ad
900 3385 1115 3448 extremum
1153 3363 1287 3467 capitit
1321 3359 1510 3445 sententia

157 3489 189 3560 ·„
213 3461 508 3544 condemnatur.

548 3755 556 3764 ,,
613 3639 922 3754 arcura
980 3676 1051 3753 rsa
1186 3633 1190 3642 ’

209 3922 238 3968 ,,
261 3868 368 3950 Cum
390 3871 513 3972 'igitur
539 3876 637 3977 apud
648 3876 819 3956 Nicaeam
832 3877 970 3957 Beatus·
981 3871 1172 3977 Tryphon
1184 3871 1390 3975 gloriosum
1400 3866 1509 3984 ‚Mar-

158 3983 190 4069 „
215 3972 362 4072 tyrium
375 3977 688 4072 consummanet,
704 3978 1075 4078 ‹quiNicaeaeerant,
1102 3969 1508 4064 mundissrndonrbut,

155 4071 252 4170 „aa
281 4074 392 4154 variis
418 4079 650 4156 aromatibus
676 4080 793 4172 sacrae
820 4078 1016 4181 Reliquias
1047 4071 1392 4188 componentesad
1421 4091 1509 4168 prat·

159 4223 194 4268 „
216 4172 357 4258 fidium.
375 4177 492 4256 Urbis
518 4181 589 4258 suar
616 4206 678 4258 eas
703 4181 924 4280 asportare,
958 4205 1000 4260 ac
1027 4181 1229 4259 recondere
1255 4172 1509 4282 cogitabant.

161 4321 191 4367 „
216 4273 418 4389 Caterurn
438 4279 760 4382 Saudluslllartyr
787 4308 852 4384 per
877 4281 1047 4383 quietem
1076 4300 1258 4382 apparens
1284 4275 1510 4364 admonuit,

157 4423 189 4473 υ
216 4395 257 4452 ut
285 4398 326 4451 tn
354 4379 517 4462 Patriam
554 4382 658 4464 luatu
685 4383 936 4486 Campladcrn
973 4406 1111 4479 corpus
1146 4379 1256 4458 suum
1294 4368 1507 4455 transferre·

265 4480 371 4582 Tum.
393 4487 496 4565 XIII·
999 4477 1075 4580 1ΥΥ
1376 4488 1438 4588 tur
1447 4516 1462 4565 r
