3859 5342
311 458 315 467 ⁴
419 425 632 514 Sancrt
666 399 838 516 Panltt
874 433 1174 520 Anosrotr.
1308 434 1402 545 '41

130 578 358 658 Venetorum
381 600 482 660 anno
511 576 819 665 Mcccxxxvur,
843 581 1037 666 Benedisli
1065 582 1171 687 Papae
1199 585 1286 667 XlL
1314 586 1466 668 manda·

132 701 169 762 to
196 681 356 759 Paduam
379 683 427 763 'ab
453 681 654 765 interdicto
680 684 846 765 solvisse:

148 837 203 879 .,‚
227 783 419 882 Tempore
446 783 625 864 Dominii
652 784 808 865 illorum
835 786 881 865 de
906 787 943 867 la
970 787 1097 875 Scala.
1125 787 1309 868 Officium
1336 788 1378 867 in
1401 789 1467 865 Pa·

127 936 153 982 ‚,
176 885 249 961 dua
274 885 453 963 Summus
482 884 655 964 Pontifex
682 886 910 969 interdixit.
947 887 1031 969 Hac
1058 888 1104 970 de
1138 892 1246 969 causa
1273 887 1467 969 Dominus

125 1038 150 1083 „
173 985 383 1064 Ubertinus
409 986 493 1064 suos
518 988 678 1086 Legatos
705 988 803 1067 mist
830 988 1088 1069 Atinionem.
1116 986 1260 1069 Eorum
1283 990 1467 1091 praecibus

125 1085 398 1193 „Benedictus
426 1089 522 1187 Papa
549 1088 736 1188 Episcopo
766 1091 1001 1171 Venetorum
1028 1091 1219 1193 iniunxit,
1246 1113 1287 1169 ut
1304 1091 1466 1169 Paduam

123 1188 365 1285 „accederet
392 1186 630 1284 testinanter;
658 1189 764 1290 Qui,
791 1192 950 1293 receptis
978 1191 1115 1271 litteris
1142 1191 1343 1292 Papalibus
1369 1245 1383 1287 ‚
1406 1189 1470 1268 die
1526 1227 1530 1233 ³

68 1348 71 1353 v
123 1341 148 1385 ,‚
171 1311 285 1367 xutr.
312 1290 541 1389 Septembris
570 1290 731 1371 Paduam
765 1292 908 1372 venit:
945 1291 1009 1392 qui
1049 1293 1248 1374 inveniens
1276 1292 1487 1391 Paduanos

98 1443 147 1488 r„
169 1390 371 1488 insontes,
405 1391 688 1472 &interdislos
726 1413 876 1495 propter
902 1393 1204 1474 inobedientiam
1241 1394 1396 1481 illorum
1423 1392 1470 1468 de
1518 1454 1521 1459 ‚
1665 1406 1676 1423 ·

121 1492 207 1590 „la
232 1492 376 1591 Scala,
409 1495 458 1572 ab
485 1491 687 1572 interdislo
716 1496 879 1574 Paduam
906 1494 1133 1575 liberavit.
1172 1498 1200 1540 ‘⁶
1228 1496 1471 1573 Memoratur

117 1590 256 1673 'deinde
285 1592 470 1674 Nicolaus
496 1594 701 1696 Episcopus
727 1598 772 1676 ad
799 1621 943 1678 annum
977 1596 1345 1776 134?.qttotscilicet
1372 1618 1473 1709 anm)

119 1693 283 1775 Ecclesia
310 1696 568 1793 S.·Leonardi‚
595 1723 642 1775 eo
694 1697 936 1793 emittente,
962 1723 1036 1779 con
1054 1721 1178 1779 ecrata
1200 1697 1308 1795 suit,
1337 1717 1394 1774 utr
1421 1695 1475 1773 dr·

123 1795 271 1891 aimus,
297 1795 364 1877 ubi
390 1797 562 1877 eamdem
590 1722 794 1881 Ecclesiam
823 1799 1115 1880 illustravimus.
1491 1854 1500 1867 ι

167 1898 708 1981 anno·deindeMcccxrv1.
745 1901 806 1981 die
838 1928 919 1985 111,
946 1899 1179 2003 Septembris
1215 1900 1294 1982 lato
1322 1898 1474 2002 Episco
1595 1994 1602 2001 ,

122 1996 193 2099 pali
221 1998 448 2099 Diplomate
475 2002 678 2099 concessit,
705 2023 746 2081 ut
769 2001 968 2104 Hospitalo
994 2005 1029 2082 S.
1046 2003 1228 2097 Andreae,
1253 2002 1355 2103 quod
1377 2022 1472 2116 tunc

122 2101 301 2202 temporis
327 2128 349 2179 a
375 2101 448 2203 piis
475 2101 701 2182 mulieribus
727 2103 941 2189 institutum
969 2102 1115 2200 suerat,
1140 2104 1182 2182 in
1198 2103 1474 2185 Monastetrum

122 2202 362 2307 erigeretur,
396 2224 616 2283 remanente
644 2224 771 2283 tamen
799 2204 880 2305 ipso
906 2203 1099 2303 Hospitali
1120 2229 1134 2297 3
1159 2223 1318 2304 utraque
1345 2221 1476 2281 autem

123 2303 167 2382 ab
192 2302 372 2405 Episcopi
397 2303 604 2384 Castellani
630 2303 889 2403 jurisdislione
925 2325 1101 2404 exempta
1129 2307 1199 2384 esse
1233 2301 1475 2398 declaravit,
1516 2370 1525 2381 s

124 2422 164 2483 nt
190 2405 321 2484 videre
347 2404 400 2483 est
426 2407 562 2507 Operis
587 2404 699 2501 hujus
728 2407 844 2485 Tom.
872 2409 903 2484 Ι.
929 2431 1012 2515 pag.
1041 2435 1126 2506 205.
1153 2405 1319 2503 ejusdem
1354 2402 1475 2482 etiam

124 2504 213 2583 anni
240 2504 301 2584 die
327 2528 440 2585 xxur.
478 2506 656 2586 Otlobris
683 2506 904 2607 Episcopale
941 2508 1136 2587 decretum
1162 2505 1324 2608 protulit
1349 2527 1478 2602 ,quo

123 2604 342 2685 facultatem
369 2608 470 2687 Zoro
495 2607 540 2687 ee
569 2608 783 2701 Abba-tibus
806 2606 1168 2710 indulsrtHospitale
1195 2601 1478 2705 aecclesiam,
1626 2648 1630 2653 ·

126 2706 200 2786 sub
227 2706 323 2784 Divi
351 2708 510 2788 Antonii
539 2708 699 2790 Abbatis
727 2709 843 2789 titulo
878 2709 1118 2803 construendi
1146 2766 1159 2808 ‚
1194 2709 1295 2810 quod
1322 2705 1479 2810 quidem
1551 2804 1555 2819 ,

119 2805 321 2909 xdecretum
347 2810 386 2888 in
414 2813 540 2911 Opere
568 2812 641 2891 hoc
668 2811 830 2890 relatum
858 2811 909 2891 ell
938 2811 1137 2891 Tole.
1162 2836 1243 2910 pag.
1273 2838 1356 2913 307.
1547 2824 1551 2841 ¹

176 2907 344 2989 Nicolao
371 2911 638 3013 Episcopatum
666 2911 949 2992 administrante
977 2912 1100 3013 legem
1129 2912 1220 2994 tulit
1246 2911 1282 2997 S·
1310 2913 1358 2990 C.
1372 2910 1480 3009 super

126 3007 331 3109 partitione
357 3014 630 3097 emortualium
659 3015 908 3099 Decimarum
936 3038 1038 3095 anno
1066 3016 1270 3094 Mccctru.
1297 3012 1359 3091 die
1386 3032 1476 3087 xrv.

128 3110 261 3211 Maii,
287 3106 400 3214 quam
428 3139 475 3195 ex
501 3116 676 3205 Archino
704 3113 950 3201 Patriarclrali
978 3114 1079 3199 inter
1105 3115 1333 3199 documenta
1359 3106 1481 3211 pros·

24 3242 26 3289 τ
129 3212 245 3294 timus
272 3215 453 3319 signatam
471 3217 608 3298 littera
633 3216 731 3319 (S).
764 3270 782 3309 ¹-
969 3242 974 3247 ·

174 3318 238 3396 Ab
265 3317 433 3398 Ecclesia
459 3320 523 3404 sua
546 3319 649 3401 circa
677 3319 757 3403 hac
785 3338 956 3419 tempora
983 3318 1191 3414 recessisse,
1217 3334 1260 3401 ut
1288 3313 1328 3393 in
1356 3337 1481 3395 remo·
1523 3340 1529 3353 ·
1558 3364 1561 3371 =

129 3432 183 3497 tas
207 3438 332 3520 partes
358 3420 395 3501 se
420 3419 633 3518 conferret,
659 3440 898 3521 compertum
926 3421 1112 3509 habemus
1138 3443 1185 3498 en
1211 3415 1400 3519 quoddam
1421 3418 1481 3499 Ira·

131 3516 409 3620 dulgentiarum
438 3523 662 3625 Diplomate
685 3547 711 3606 a
737 3521 935 3607 nonnullis
962 3521 1157 3623 Episcopis
1188 3519 1392 3615 Avenipne
1419 3518 1481 3634 de·

132 3622 304 3718 gentibus
331 3625 502 3723 concesso
524 3622 697 3705 Ecclesia
722 3624 759 3703 S.
786 3623 994 3709 Salvatoris
1022 3621 1298 3717 Venetiarum,
1322 3621 1384 3701 cui
1414 3619 1483 3697 vr·

132 3720 248 3803 carius
268 3723 514 3806 .Caslellanus
551 3752 654 3809 aono
687 3754 790 3828 1349.
827 3724 889 3813 din
917 3731 975 3815 26.
1002 3723 1240 3827 Novembris
1272 3717 1483 3834 subscripsrt

131 3819 189 3902 his
214 3825 364 3904 verbis:
390 3835 464 3905 Nos
489 3823 656 3907 Michael
675 3825 722 3906 de
741 3818 937 3906 Salomone
953 3822 1240 3905 Archidr'aconns
1261 3821 1482 3936 Torvrfinus

134 3927 222 4002 Rev.
243 3924 286 4007 in
305 3925 445 4030 christo
466 3928 614 4027 Patris,
639 3927 688 4010 0
707 3937 820 4010 Dorn.
842 3935 888 4006 D.
899 3921 1051 4007 Nicolar'
1077 3923 1294 4009 maureceni
1305 3933 1379 4013 Der
1396 3949 1483 4024 gra·
1569 4006 1584 4033 ·,

133 4022 185 4103 tin
204 4027 374 4131 Episcopi
395 4025 597 4133 Castelsnni
617 4028 781 4117 toranius
802 4023 993 4110 Generalis
1011 4027 1087 4129 ipso
1112 4037 1163 4110 D.
1175 4025 1347 4129 Episcopo
1369 4022 1410 4104 in
1429 4050 1496 4123 rea

133 4127 236 4209 metis
258 4152 390 4230 agente
407 4129 602 4230 prandisset
627 4126 886 4232 Indulgentiae
914 4134 995 4219 Cle.
1022 4133 1107 4213 Nec
1144 4131 1212 4221 diu
1237 4129 1330 4232 post·
1344 4128 1386 4209 in
1423 4149 1485 4240 pa·

135 4227 240 4310 triam
269 4232 423 4331 rediit,
458 4233 640 4337 siquidem
668 4260 770 4317 anno
797 4231 1012 4335 insequenti·
1039 4230 1191 4315 mecei..
1218 4233 1368 4313 duobus
1385 4229 1487 4327 Epa«

135 4324 251 4446 scopis
277 4332 498 4417 facultatem
526 4334 715 4434 indulsit,
753 4355 793 4416 ut
823 4334 1083 4415 Patochialem
1111 4337 1148 4414 S.
1178 4334 1356 4413 barnaba
1384 4332 1487 4427 apo·

101 4490 105 4505 r
136 4423 437 4617 lonigcclesram
463 4436 750 4538 consternent,
776 4436 1003 4527 memoriam
1026 4435 1084 4620 rlgi
1110 4433 1295 4521 reserante
1316 4450 1484 4515 marmo-

190 4566 195 4609 ι
272 4543 458 4622 οωΧΙΙΙ.
761 4566 766 4573 ’
1237 4608 1246 4625 ,
1319 4608 1321 4611 .
1372 4551 1437 4617 tre
