3859 5342
1352 363 1433 451 355
1517 399 1529 440 t

171 481 240 586 (b)
266 483 329 565 De
355 482 463 566 Divo
488 479 696 566 Theodoro
721 480 961 565 Heracleensr
989 484 1165 590 Martyte
1189 488 1314 593 agitur
1333 489 1508 576 Venetiia

218 589 281 668 die
308 612 360 667 rx.
388 586 643 682 Novembris,
667 611 734 666 cur
762 609 887 666 autem
914 588 993 685 ejus
1020 589 1196 672 festivitas
1222 595 1266 673 ad
1293 619 1374 673 earn
1403 596 1505 675 diem

218 689 418 792 alligetur,
443 689 676 771 disseruimus
703 688 817 767 Tom.
831 692 879 766 lt.
906 692 951 768 ad
980 692 1183 776 Ecclesiam
1209 699 1246 777 S.
1267 696 1508 795 salvatoris,

161 890 165 898 7
219 788 262 871 in
287 817 362 895 qua
384 795 641 880 venerandum
668 789 779 894 ipsios
804 816 940 892 corpus
964 792 1083 890 jacet.

608 1001 720 1074 Sexto
745 993 833 1074 Idus
856 992 1070 1074 Februarii.
1481 1004 1505 1076 8

107 1199 116 1212 “
163 1190 271 1276 Beati
298 1192 528 1299 Hieronymi
541 1195 737 1278 AEmiliani
750 1196 988 1279 Confertoris‘
1004 1195 1151 1279 Patritii
1164 1197 1329 1296 Veneti,
1353 1199 1506 1280 &Con-

214 1300 447 1502 gregat(ior)ris
483 1301 725 1382 clericorum
764 1301 1012 1402 Regularium
1051 1301 1096 1380 de
1122 1300 1323 1381 Somascha
1362 1302 1506 1381 Funda·

215 1418 309 1479 tons
362 1430 427 1480 a.
795 1479 798 1486 .

165 1499 239 1600 (a)
268 1503 350 1580 Post
378 1503 518 1584 eximia
545 1503 733 1584 virtutum
759 1504 933 1606 exempla
956 1503 1131 1584 Venetiis
1151 1501 1285 1598 edita,
1312 1502 1378 1580 ubi
1401 1501 1508 1603 pium

213 1603 421 1703 colligendi
447 1608 636 1709 orphanos
661 1606 1070 1707 institutumincoepit‚
1096 1605 1232 1684 Beatus
1247 1605 1510 1703 Hieronymus

214 1705 424 1786 Somaschae
451 1707 685 1789 obdormivit
712 1707 753 1786 in
768 1708 964 1803 Domino,
990 1733 1067 1808 quo
1093 1708 1240 1786 exloco
1267 1707 1533 1806 inngnisejus*

212 1803 393 1910 Refiquia
415 1808 462 1891 ad
487 1811 693 1895 Ecclesiam
720 1809 756 1888 S.
778 1809 914 1889 Maria
939 1812 986 1889 de
1013 1809 1141 1889 Salute
1168 1807 1346 1889 translata
1370 1806 1464 1888 suit.

474 2106 476 2108 .
595 2018 737 2113 Quarto
761 2007 848 2091 Idus
872 2007 1086 2090 Februarii.
1464 1989 1511 2088 io
1542 2045 1544 2048 ’

161 2207 277 2307 Apud
305 2206 482 2290 Montem
509 2208 707 2292 caranum
735 2208 876 2291 sanna
902 2207 1137 2291 Scholastica
1149 2202 1430 2307 Virginis(a),
1455 2207 1510 2287 so·
1586 2253 1590 2260 ‹

210 2310 311 2391 roris
337 2313 461 2392 Sanffl
490 2314 683 2394 Benedicti
712 2312 894 2393 Abbatis.

159 2410 240 2512 (a)
266 2414 522 2495 Contitularis
547 2417 598 2496 est
627 2418 705 2495 haec
732 2413 866 2495 Sancta
895 2412 1015 2513 Virgo
1026 2411 1198 2494 Ecclcfiae
1211 2407 1427 2490 Paroecialis
1440 2406 1509 2489 Di·
1592 2410 1594 2414 ’
1656 2419 1663 2446 “

210 2539 265 2595 νο
288 2514 497 2595 -Benedidn
532 2516 612 2615 eiua
638 2516 758 2596 Fratri
786 2517 939 2613 dicata,
963 2517 1152 2595 Sacellum
1181 2512 1296 2592 etiam
1325 2510 1438 2589 habet
1466 2509 1507 2591 in

208 2615 382 2696 confinio
409 2615 533 2697 Sanffl
560 2619 715 2719 Ioannis
742 2619 875 2713 Novi,
901 2643 947 2697 eo
975 2642 1111 2718 nempe
1138 2616 1178 2694 in
1206 2616 1319 2708 loco,
1345 2611 1409 2690 ubi
1436 2612 1509 2713 pri·

208 2716 300 2796 dem
329 2718 493 2798 Ecclesia
530 2722 597 2801 sub
623 2720 734 2820 ipfius
762 2719 934 2818 Virginis
960 2718 1117 2796 nomine
1150 2715 1318 2793 extrufia
1354 2710 1510 2809 iuerat,
1550 2757 1554 2764 ,

208 2837 326 2916 quam
354 2841 400 2896 ex
430 2821 599 2901 Danduli
626 2820 812 2903 chronico
840 2821 1022 2898 novimus
1047 2843 1151 2896 anno
1177 2843 1282 2915 ¹¹05·
1310 2839 1357 2896 ex
1380 2817 1524 2906 incon,

157 2947 161 2950 ·
212 2917 280 2999 dio
305 2919 567 3021 conflagrasse.

98 3037 103 3040 “
189 3021 193 3030 ’
658 3014 784 3096 Idibus
808 3011 1022 3094 Februarii.
1303 3025 1306 3034 ’
1463 3041 1507 3113 13

157 3116 355 3200 Ravenna
380 3115 601 3199 sannarum
622 3118 755 3208 fusca
784 3117 952 3218 Virginis
972 3113 1047 3217 (a)
1070 3169 1084 3210 ‚
1109 3113 1146 3194 8<
1174 3113 1321 3229 Maura
1349 3110 1510 3193 nutricis

211 3218 316 3318 ejus,
340 3245 447 3321 qua,
473 3223 598 3308 Decio
623 3220 859 3321 imperante,
884 3220 1007 3297 multa
1033 3220 1101 3295 iub
1128 3214 1367 3317 Quiniirano
1391 3211 1510 3292 Prasr·
1613 3298 1623 3301 ,

211 3323 258 3402 de
285 3325 490 3424 perpessa,
524 3319 679 3404 demunt
707 3323 835 3424 gladio
872 3319 1058 3400 transfixa
1084 3316 1310 3417 martyrium
1338 3316 1509 3395 consum·

197 3445 390 3503 <maruno
419 3491 422 3496 a
505 3469 510 3474 ·

159 3524 234 3626 (a)
263 3523 528 3608 Divaefuscae
555 3521 750 3628 Virginis,
774 3519 813 3602 8<
841 3519 1027 3622 Martyris
1053 3517 1224 3602 officinm
1252 3518 1508 3631 propriumpx

210 3627 248 3706 S.
276 3627 436 3710 Ritnum
464 3633 514 3709 Ca
542 3630 693 3708 indulto
719 3627 931 3707 celebratur
957 3625 1029 3701 hac
1055 3625 1116 3701 die
1139 3620 1311 3700 Veneriis
1338 3621 1404 3696 sub
1432 3637 1510 3693 rrtn

213 3725 356 3828 duplici
385 3729 560 3827 minori,
594 3754 676 3809 tum
704 3731 756 3806 ob
785 3725 1028 3805 Paroecialem
1057 3723 1261 3803 Ecclefiam
1289 3720 1412 3800 eidem
1441 3716 1510 3796 Di·

209 3850 268 3907 νε
296 3828 461 3929 Martyri
489 3831 724 3924 dedicatam,
749 3851 831 3907 turn
860 3831 911 3906 ob
939 3825 1122 3924 insignem
1150 3824 1262 3926 ipfius
1286 3819 1507 3924 Reliquiarn
1535 3921 1538 3927 .
1610 3921 1618 3934 .

210 3926 253 4012 in
279 3928 436 4033 ipsamet
462 3933 629 4013 Ecclesia
656 3927 867 4010 honorifice
893 3928 1134 4026 affervatam.

497 4121 780 4237 Quartodecimo
806 4119 997 4209 Kalendas
1024 4121 1201 4208 Martiis
1466 4121 1513 4199 16
1563 4133 1566 4140 ’

155 4227 366 4316 Comitia
393 4231 606 4336 Campania
634 4236 852 4313 Translatio
888 4231 1031 4312 Saniiae
1059 4229 1217 4331 Iuliana
1243 4220 1448 4322 Virginis,
1473 4215 1513 4297 de

214 4333 402 4434 Martyris
426 4335 524 4437 (a),
548 4358 631 4438 quae
645 4332 882 4419 Nicomedia
904 4333 1014 4512 vari}
1027 4333 1216 4429 cruciata,
1241 4317 1519 4505 demumndaasmss

299 4483 302 4492 ,
1028 4458 1055 4529 y
1108 4458 1130 4509 2
