<?xml version="1.0" encoding="UTF-8"?>
<!DOCTYPE html PUBLIC "-//W3C//DTD XHTML 1.0 Transitional//EN"
    "http://www.w3.org/TR/xhtml1/DTD/xhtml1-transitional.dtd">
<html xmlns="http://www.w3.org/1999/xhtml" xml:lang="en" lang="en">
 <head>
  <title>
</title>
<meta http-equiv="Content-Type" content="text/html;charset=utf-8" />
  <meta name='ocr-system' content='tesseract 3.04.00' />
  <meta name='ocr-capabilities' content='ocr_page ocr_carea ocr_par ocr_line ocrx_word'/>
</head>
<body>
  <div class='ocr_page' id='page_1' title='image "./ecclesiaeveneta00corngoog_0175.png"; bbox 0 0 3859 5342; ppageno 0'>
   <div class='ocr_carea' id='block_1_1' title="bbox 433 321 1412 443">
    <p class='ocr_par' dir='ltr' id='par_1_1' title="bbox 433 321 1412 443">
     <span class='ocr_line' id='line_1_1' title="bbox 433 321 1412 443; baseline -0.003 -18"><span class='ocrx_word' id='word_1_1' title='bbox 433 321 646 425; x_wconf 69' lang='lat' dir='ltr'>savem</span> <span class='ocrx_word' id='word_1_2' title='bbox 682 341 855 424; x_wconf 73' lang='lat' dir='ltr'>Putat</span> <span class='ocrx_word' id='word_1_3' title='bbox 891 342 1186 423; x_wconf 81' lang='lat' dir='ltr'>Aaosvott.</span> <span class='ocrx_word' id='word_1_4' title='bbox 1332 345 1412 443; x_wconf 82' lang='lat'>169</span> 
     </span>
    </p>
   </div>
   <div class='ocr_carea' id='block_1_2' title="bbox 47 487 1476 708">
    <p class='ocr_par' dir='ltr' id='par_1_2' title="bbox 47 487 1476 708">
     <span class='ocr_line' id='line_1_2' title="bbox 190 487 1474 592; baseline 0.001 -24"><span class='ocrx_word' id='word_1_5' title='bbox 190 487 439 570; x_wconf 86' lang='lat' dir='ltr'>Patriatchale</span> <span class='ocrx_word' id='word_1_6' title='bbox 467 491 650 570; x_wconf 89' lang='lat' dir='ltr'>Palatium</span> <span class='ocrx_word' id='word_1_7' title='bbox 687 494 958 592; x_wconf 83' lang='lat' dir='ltr'><strong>propemodum</strong></span> <span class='ocrx_word' id='word_1_8' title='bbox 988 519 1008 570; x_wconf 92' lang='lat' dir='ltr'>a</span> <span class='ocrx_word' id='word_1_9' title='bbox 1035 491 1287 572; x_wconf 81' lang='lat' dir='ltr'><strong>fundamentis</strong></span> <span class='ocrx_word' id='word_1_10' title='bbox 1322 515 1474 570; x_wconf 81' lang='lat' dir='ltr'>renova·</span> 
     </span>
     <span class='ocr_line' id='line_1_3' title="bbox 47 585 1476 708; baseline 0.003 -44"><span class='ocrx_word' id='word_1_11' title='bbox 47 657 49 664; x_wconf 81' lang='grc'>,</span> <span class='ocrx_word' id='word_1_12' title='bbox 142 588 219 685; x_wconf 92' lang='lat' dir='ltr'>vit,</span> <span class='ocrx_word' id='word_1_13' title='bbox 246 591 284 669; x_wconf 89' lang='lat' dir='ltr'>in</span> <span class='ocrx_word' id='word_1_14' title='bbox 311 592 417 688; x_wconf 88' lang='lat' dir='ltr'>cujus</span> <span class='ocrx_word' id='word_1_15' title='bbox 441 591 532 670; x_wconf 88' lang='lat' dir='ltr'>aula·</span> <span class='ocrx_word' id='word_1_16' title='bbox 556 592 751 708; x_wconf 77' lang='lat' dir='ltr'>Principe,</span> <span class='ocrx_word' id='word_1_17' title='bbox 777 619 874 689; x_wconf 88' lang='lat' dir='ltr'>eos,</span> <span class='ocrx_word' id='word_1_18' title='bbox 900 620 995 695; x_wconf 84' lang='lat' dir='ltr'>quos</span> <span class='ocrx_word' id='word_1_19' title='bbox 1021 585 1263 682; x_wconf 69' lang='lat' dir='ltr'>antecessores</span> <span class='ocrx_word' id='word_1_20' title='bbox 1290 592 1329 670; x_wconf 92' lang='lat' dir='ltr'>in</span> <span class='ocrx_word' id='word_1_21' title='bbox 1345 590 1476 693; x_wconf 81' lang='lat' dir='ltr'>&#39;pallo-</span> 
     </span>
    </p>
   </div>
   <div class='ocr_carea' id='block_1_3' title="bbox 33 692 1479 1509">
    <p class='ocr_par' dir='ltr' id='par_1_3' title="bbox 141 692 1474 892">
     <span class='ocr_line' id='line_1_4' title="bbox 141 692 1474 795; baseline 0.002 -27"><span class='ocrx_word' id='word_1_22' title='bbox 141 692 209 770; x_wconf 90' lang='lat' dir='ltr'>rali</span> <span class='ocrx_word' id='word_1_23' title='bbox 235 692 419 793; x_wconf 84' lang='lat' dir='ltr'>dignitate</span> <span class='ocrx_word' id='word_1_24' title='bbox 446 695 652 789; x_wconf 82' lang='lat' dir='ltr'>habuerat,</span> <span class='ocrx_word' id='word_1_25' title='bbox 679 693 783 793; x_wconf 81' lang='lat' dir='ltr'>pingi</span> <span class='ocrx_word' id='word_1_26' title='bbox 809 697 982 791; x_wconf 88' lang='lat' dir='ltr'>curavit,</span> <span class='ocrx_word' id='word_1_27' title='bbox 1007 715 1049 773; x_wconf 94' lang='lat' dir='ltr'>ut</span> <span class='ocrx_word' id='word_1_28' title='bbox 1077 719 1123 774; x_wconf 85' lang='lat' dir='ltr'>ex</span> <span class='ocrx_word' id='word_1_29' title='bbox 1144 693 1351 795; x_wconf 81' lang='lat' dir='ltr'>epigraphe·</span> <span class='ocrx_word' id='word_1_30' title='bbox 1374 692 1474 770; x_wconf 85' lang='lat' dir='ltr'>addi-</span> 
     </span>
     <span class='ocr_line' id='line_1_5' title="bbox 141 791 1034 892; baseline 0.003 -25"><span class='ocrx_word' id='word_1_31' title='bbox 141 791 276 870; x_wconf 89' lang='lat' dir='ltr'>scimus</span> <span class='ocrx_word' id='word_1_32' title='bbox 304 793 443 870; x_wconf 87' lang='lat' dir='ltr'><strong>ibidem</strong></span> <span class='ocrx_word' id='word_1_33' title='bbox 471 792 653 892; x_wconf 83' lang='lat' dir='ltr'>appofira.</span> <span class='ocrx_word' id='word_1_34' title='bbox 1028 845 1034 854; x_wconf 85' lang='lat'>-</span> 
     </span>
    </p>

    <p class='ocr_par' dir='ltr' id='par_1_4' title="bbox 33 893 1478 1292">
     <span class='ocr_line' id='line_1_6' title="bbox 187 893 1477 995; baseline 0.001 -26"><span class='ocrx_word' id='word_1_35' title='bbox 187 947 215 987; x_wconf 91' lang='lat'>„</span> <span class='ocrx_word' id='word_1_36' title='bbox 240 896 351 993; x_wconf 84' lang='lat' dir='ltr'>Quos</span> <span class='ocrx_word' id='word_1_37' title='bbox 379 893 515 995; x_wconf 77' lang='lat' dir='ltr'>spelias</span> <span class='ocrx_word' id='word_1_38' title='bbox 541 895 772 987; x_wconf 84' lang='lat' dir='ltr'>Antistires,</span> <span class='ocrx_word' id='word_1_39' title='bbox 808 919 854 973; x_wconf 82' lang='lat' dir='ltr'>ex</span> <span class='ocrx_word' id='word_1_40' title='bbox 882 896 927 974; x_wconf 89' lang='lat' dir='ltr'>iis</span> <span class='ocrx_word' id='word_1_41' title='bbox 954 920 1051 973; x_wconf 83' lang='lat' dir='ltr'>unua</span> <span class='ocrx_word' id='word_1_42' title='bbox 1079 893 1268 974; x_wconf 81' lang='lat' dir='ltr'>Antonius</span> <span class='ocrx_word' id='word_1_43' title='bbox 1293 895 1477 994; x_wconf 79' lang='lat' dir='ltr'>Contere·</span> 
     </span>
     <span class='ocr_line' id='line_1_7' title="bbox 138 994 1475 1106; baseline -0.002 -35"><span class='ocrx_word' id='word_1_44' title='bbox 138 1014 260 1088; x_wconf 84' lang='lat' dir='ltr'>„nus</span> <span class='ocrx_word' id='word_1_45' title='bbox 273 994 487 1072; x_wconf 88' lang='lat' dir='ltr'>Partiarcha</span> <span class='ocrx_word' id='word_1_46' title='bbox 498 995 544 1071; x_wconf 89' lang='lat' dir='ltr'>X.</span> <span class='ocrx_word' id='word_1_47' title='bbox 572 995 643 1073; x_wconf 89' lang='lat' dir='ltr'>tibi</span> <span class='ocrx_word' id='word_1_48' title='bbox 669 996 885 1096; x_wconf 71' lang='lat' dir='ltr'>spectandos</span> <span class='ocrx_word' id='word_1_49' title='bbox 907 995 1475 1106; x_wconf 71' lang='lat' dir='ltr'>piamentecutavitMuxvttt.</span> 
     </span>
     <span class='ocr_line' id='line_1_8' title="bbox 33 1093 1478 1197; baseline 0.001 -27"><span class='ocrx_word' id='word_1_50' title='bbox 33 1151 37 1160; x_wconf 78' lang='lat'><strong>.</strong></span> <span class='ocrx_word' id='word_1_51' title='bbox 137 1146 165 1189; x_wconf 87' lang='lat'>„</span> <span class='ocrx_word' id='word_1_52' title='bbox 189 1093 254 1172; x_wconf 92' lang='lat' dir='ltr'>suo</span> <span class='ocrx_word' id='word_1_53' title='bbox 280 1116 333 1171; x_wconf 78' lang='lat' dir='ltr'>xl.</span> <span class='ocrx_word' id='word_1_54' title='bbox 363 1095 416 1173; x_wconf 88' lang='lat' dir='ltr'>Hi</span> <span class='ocrx_word' id='word_1_55' title='bbox 442 1120 605 1196; x_wconf 89' lang='lat' dir='ltr'>namque</span> <span class='ocrx_word' id='word_1_56' title='bbox 631 1096 716 1175; x_wconf 87' lang='lat' dir='ltr'>sunt</span> <span class='ocrx_word' id='word_1_57' title='bbox 742 1121 907 1191; x_wconf 89' lang='lat' dir='ltr'>omnes,</span> <span class='ocrx_word' id='word_1_58' title='bbox 944 1098 1010 1197; x_wconf 90' lang='lat' dir='ltr'>qui</span> <span class='ocrx_word' id='word_1_59' title='bbox 1036 1100 1084 1176; x_wconf 92' lang='lat' dir='ltr'>ab</span> <span class='ocrx_word' id='word_1_60' title='bbox 1109 1095 1179 1177; x_wconf 91' lang='lat' dir='ltr'>hac</span> <span class='ocrx_word' id='word_1_61' title='bbox 1208 1098 1299 1173; x_wconf 88' lang='lat' dir='ltr'>urbe</span> <span class='ocrx_word' id='word_1_62' title='bbox 1325 1094 1478 1172; x_wconf 87' lang='lat' dir='ltr'>condita</span> 
     </span>
     <span class='ocr_line' id='line_1_9' title="bbox 139 1192 1350 1292; baseline -0.001 -21"><span class='ocrx_word' id='word_1_63' title='bbox 139 1245 166 1290; x_wconf 95' lang='lat'>„</span> <span class='ocrx_word' id='word_1_64' title='bbox 188 1192 314 1273; x_wconf 87' lang='lat' dir='ltr'>suere.</span> <span class='ocrx_word' id='word_1_65' title='bbox 344 1197 429 1273; x_wconf 91' lang='lat' dir='ltr'>Hoc</span> <span class='ocrx_word' id='word_1_66' title='bbox 456 1195 576 1275; x_wconf 84' lang='lat' dir='ltr'>forsan</span> <span class='ocrx_word' id='word_1_67' title='bbox 602 1196 695 1275; x_wconf 89' lang='lat' dir='ltr'>scire</span> <span class='ocrx_word' id='word_1_68' title='bbox 723 1198 897 1276; x_wconf 87' lang='lat' dir='ltr'>volebas.</span> <span class='ocrx_word' id='word_1_69' title='bbox 926 1198 1002 1276; x_wconf 88' lang='lat' dir='ltr'>Abi</span> <span class='ocrx_word' id='word_1_70' title='bbox 1031 1221 1155 1292; x_wconf 90' lang='lat' dir='ltr'>nunc,</span> <span class='ocrx_word' id='word_1_71' title='bbox 1180 1197 1218 1276; x_wconf 98' lang='grc'>8(</span> <span class='ocrx_word' id='word_1_72' title='bbox 1246 1197 1350 1274; x_wconf 83' lang='lat' dir='ltr'>vale.</span> 
     </span>
    </p>

    <p class='ocr_par' dir='ltr' id='par_1_5' title="bbox 137 1295 1479 1509">
     <span class='ocr_line' id='line_1_10' title="bbox 188 1295 1479 1393; baseline 0 -22"><span class='ocrx_word' id='word_1_73' title='bbox 188 1295 362 1375; x_wconf 79' lang='lat' dir='ltr'>Ecclesia</span> <span class='ocrx_word' id='word_1_74' title='bbox 392 1296 653 1377; x_wconf 76' lang='lat' dir='ltr'>patriarchalis</span> <span class='ocrx_word' id='word_1_75' title='bbox 679 1300 792 1378; x_wconf 90' lang='lat' dir='ltr'>decus</span> <span class='ocrx_word' id='word_1_76' title='bbox 818 1298 923 1376; x_wconf 86' lang='lat' dir='ltr'>auxit</span> <span class='ocrx_word' id='word_1_77' title='bbox 950 1300 1099 1376; x_wconf 84' lang='lat' dir='ltr'>duobus</span> <span class='ocrx_word' id='word_1_78' title='bbox 1124 1298 1278 1376; x_wconf 86' lang='lat' dir='ltr'>Sacellis</span> <span class='ocrx_word' id='word_1_79' title='bbox 1305 1317 1479 1393; x_wconf 77' lang='lat' dir='ltr'>arrepto</span> 
     </span>
     <span class='ocr_line' id='line_1_11' title="bbox 137 1393 1479 1509; baseline 0 -38"><span class='ocrx_word' id='word_1_80' title='bbox 137 1394 219 1495; x_wconf 80' lang='lat' dir='ltr'>prio</span> <span class='ocrx_word' id='word_1_81' title='bbox 245 1396 442 1495; x_wconf 84' lang='lat' dir='ltr'>excitatis,</span> <span class='ocrx_word' id='word_1_82' title='bbox 466 1423 548 1499; x_wconf 77' lang='lat' dir='ltr'>qua</span> <span class='ocrx_word' id='word_1_83' title='bbox 574 1397 813 1499; x_wconf 75' lang='lat' dir='ltr'>Sanllifflmae</span> <span class='ocrx_word' id='word_1_84' title='bbox 839 1396 965 1475; x_wconf 83' lang='lat' dir='ltr'><em>Crucis</em></span> <span class='ocrx_word' id='word_1_85' title='bbox 991 1397 1032 1509; x_wconf 68' lang='lat' dir='ltr'>in</span> <span class='ocrx_word' id='word_1_86' title='bbox 1053 1393 1291 1498; x_wconf 79' lang='lat' dir='ltr'>Jerusalem,</span> <span class='ocrx_word' id='word_1_87' title='bbox 1327 1422 1370 1473; x_wconf 91' lang='lat' dir='ltr'>ac</span> <span class='ocrx_word' id='word_1_88' title='bbox 1395 1402 1479 1471; x_wconf 87' lang='lat' dir='ltr'>Cor-</span> 
     </span>
    </p>
   </div>
   <div class='ocr_carea' id='block_1_4' title="bbox 134 1492 1596 1599">
    <p class='ocr_par' dir='ltr' id='par_1_6' title="bbox 134 1492 1596 1599">
     <span class='ocr_line' id='line_1_12' title="bbox 134 1492 1596 1599; baseline 0.001 -29"><span class='ocrx_word' id='word_1_89' title='bbox 134 1495 233 1591; x_wconf 83' lang='lat' dir='ltr'><em>poris</em></span> <span class='ocrx_word' id='word_1_90' title='bbox 248 1496 403 1586; x_wconf 78' lang='lat' dir='ltr'><strong>Domini</strong></span> <span class='ocrx_word' id='word_1_91' title='bbox 424 1497 662 1599; x_wconf 81' lang='lat' dir='ltr'>sacrariffimi</span> <span class='ocrx_word' id='word_1_92' title='bbox 687 1492 809 1577; x_wconf 84' lang='lat' dir='ltr'>titulis</span> <span class='ocrx_word' id='word_1_93' title='bbox 835 1495 1180 1598; x_wconf 65' lang='lat' dir='ltr'>infigniruvotuit,</span> <span class='ocrx_word' id='word_1_94' title='bbox 1205 1499 1320 1597; x_wconf 91' lang='lat' dir='ltr'>inque</span> <span class='ocrx_word' id='word_1_95' title='bbox 1347 1518 1479 1573; x_wconf 84' lang='lat' dir='ltr'>eorum</span> <span class='ocrx_word' id='word_1_96' title='bbox 1577 1575 1596 1594; x_wconf 26' lang='grc' dir='ltr'>κ</span> 
     </span>
    </p>
   </div>
   <div class='ocr_carea' id='block_1_5' title="bbox 131 1594 1543 4216">
    <p class='ocr_par' dir='ltr' id='par_1_7' title="bbox 135 1594 1480 1880">
     <span class='ocr_line' id='line_1_13' title="bbox 140 1594 1480 1699; baseline 0.001 -27"><span class='ocrx_word' id='word_1_97' title='bbox 140 1597 291 1693; x_wconf 87' lang='lat' dir='ltr'>primo,</span> <span class='ocrx_word' id='word_1_98' title='bbox 317 1600 417 1697; x_wconf 90' lang='lat' dir='ltr'>quod</span> <span class='ocrx_word' id='word_1_99' title='bbox 431 1599 636 1697; x_wconf 79' lang='lat' dir='ltr'>insignibus</span> <span class='ocrx_word' id='word_1_100' title='bbox 653 1599 1092 1699; x_wconf 85' lang='lat' dir='ltr'>Reliquiisdecoraverat</span> <span class='ocrx_word' id='word_1_101' title='bbox 1105 1654 1118 1693; x_wconf 99' lang='lat'>,</span> <span class='ocrx_word' id='word_1_102' title='bbox 1131 1600 1322 1677; x_wconf 89' lang='lat' dir='ltr'>tumulum</span> <span class='ocrx_word' id='word_1_103' title='bbox 1336 1596 1401 1674; x_wconf 78' lang='lat' dir='ltr'>nbi</span> <span class='ocrx_word' id='word_1_104' title='bbox 1416 1594 1480 1690; x_wconf 85' lang='lat' dir='ltr'>jus·</span> 
     </span>
     <span class='ocr_line' id='line_1_14' title="bbox 135 1694 1478 1880; baseline -0.001 -107"><span class='ocrx_word' id='word_1_105' title='bbox 135 1696 181 1880; x_wconf 54' lang='lat' dir='ltr'>{iit</span> <span class='ocrx_word' id='word_1_106' title='bbox 209 1698 366 1877; x_wconf 49' lang='lat' dir='ltr'>pargi,</span> <span class='ocrx_word' id='word_1_107' title='bbox 404 1721 446 1780; x_wconf 90' lang='lat' dir='ltr'>ut</span> <span class='ocrx_word' id='word_1_108' title='bbox 473 1699 653 1780; x_wconf 83' lang='lat' dir='ltr'>testantur</span> <span class='ocrx_word' id='word_1_109' title='bbox 673 1725 898 1782; x_wconf 82' lang='lat' dir='ltr'>marmoreae</span> <span class='ocrx_word' id='word_1_110' title='bbox 924 1702 1149 1805; x_wconf 81' lang='lat' dir='ltr'>epigraphes</span> <span class='ocrx_word' id='word_1_111' title='bbox 1175 1699 1380 1800; x_wconf 84' lang='lat' dir='ltr'>parietibus</span> <span class='ocrx_word' id='word_1_112' title='bbox 1408 1694 1478 1774; x_wconf 89' lang='lat' dir='ltr'>ibi·</span> 
     </span>
    </p>

    <p class='ocr_par' dir='ltr' id='par_1_8' title="bbox 161 1820 441 1882">
     <span class='ocr_line' id='line_1_15' title="bbox 161 1820 441 1882; baseline 0.014 -6"><span class='ocrx_word' id='word_1_113' title='bbox 161 1820 276 1882; x_wconf 85' lang='lat' dir='ltr'>ema</span> <span class='ocrx_word' id='word_1_114' title='bbox 322 1823 396 1880; x_wconf 80' lang='lat' dir='ltr'>xe.</span> <span class='ocrx_word' id='word_1_115' title='bbox 437 1843 441 1858; x_wconf 46' lang='grc' dir='ltr'><em>ι</em></span> 
     </span>
    </p>

    <p class='ocr_par' dir='ltr' id='par_1_9' title="bbox 133 1896 1481 2698">
     <span class='ocr_line' id='line_1_16' title="bbox 181 1896 1478 2006; baseline -0.001 -29"><span class='ocrx_word' id='word_1_116' title='bbox 181 1951 210 1995; x_wconf 85' lang='grc'>,,</span> <span class='ocrx_word' id='word_1_117' title='bbox 236 1898 426 1979; x_wconf 86' lang='lat' dir='ltr'>Sacellum</span> <span class='ocrx_word' id='word_1_118' title='bbox 442 1902 540 2000; x_wconf 88' lang='lat' dir='ltr'>hoc,</span> <span class='ocrx_word' id='word_1_119' title='bbox 565 1902 734 2006; x_wconf 84' lang='lat' dir='ltr'>quisquis</span> <span class='ocrx_word' id='word_1_120' title='bbox 746 1905 916 2000; x_wconf 85' lang='lat' dir='ltr'>accedis,</span> <span class='ocrx_word' id='word_1_121' title='bbox 944 1896 1478 2000; x_wconf 84' lang='lat' dir='ltr'>venerare,cancellisferreis</span> 
     </span>
     <span class='ocr_line' id='line_1_17' title="bbox 133 1999 1479 2101; baseline -0.002 -23"><span class='ocrx_word' id='word_1_122' title='bbox 133 2052 162 2095; x_wconf 89' lang='lat'>„</span> <span class='ocrx_word' id='word_1_123' title='bbox 184 2001 299 2078; x_wconf 84' lang='lat' dir='ltr'><strong>Crux</strong></span> <span class='ocrx_word' id='word_1_124' title='bbox 325 2003 547 2098; x_wconf 88' lang='lat' dir='ltr'>clauditur,</span> <span class='ocrx_word' id='word_1_125' title='bbox 584 2006 705 2083; x_wconf 86' lang='lat' dir='ltr'>tribus</span> <span class='ocrx_word' id='word_1_126' title='bbox 741 2029 788 2083; x_wconf 86' lang='lat' dir='ltr'>ex</span> <span class='ocrx_word' id='word_1_127' title='bbox 826 2008 939 2084; x_wconf 86' lang='lat' dir='ltr'>barba</span> <span class='ocrx_word' id='word_1_128' title='bbox 963 2005 1111 2084; x_wconf 86' lang='lat' dir='ltr'>Christi</span> <span class='ocrx_word' id='word_1_129' title='bbox 1148 2005 1322 2082; x_wconf 87' lang='lat' dir='ltr'>decorata</span> <span class='ocrx_word' id='word_1_130' title='bbox 1360 1999 1479 2101; x_wconf 89' lang='lat' dir='ltr'>pilis,</span> 
     </span>
     <span class='ocr_line' id='line_1_18' title="bbox 134 2100 1479 2204; baseline -0.004 -24"><span class='ocrx_word' id='word_1_131' title='bbox 134 2153 160 2196; x_wconf 88' lang='lat'><strong>„</strong></span> <span class='ocrx_word' id='word_1_132' title='bbox 184 2100 322 2196; x_wconf 91' lang='lat' dir='ltr'>clavo,</span> <span class='ocrx_word' id='word_1_133' title='bbox 349 2103 491 2197; x_wconf 88' lang='lat' dir='ltr'>calice,</span> <span class='ocrx_word' id='word_1_134' title='bbox 516 2130 593 2202; x_wconf 91' lang='lat' dir='ltr'>quo</span> <span class='ocrx_word' id='word_1_135' title='bbox 619 2105 820 2202; x_wconf 83' lang='lat' dir='ltr'>discipulos</span> <span class='ocrx_word' id='word_1_136' title='bbox 848 2105 1094 2204; x_wconf 81' lang='lat' dir='ltr'>propinavit,</span> <span class='ocrx_word' id='word_1_137' title='bbox 1122 2103 1344 2182; x_wconf 87' lang='lat' dir='ltr'>miraculosa</span> <span class='ocrx_word' id='word_1_138' title='bbox 1370 2119 1479 2199; x_wconf 88' lang='lat' dir='ltr'>gutta</span> 
     </span>
     <span class='ocr_line' id='line_1_19' title="bbox 134 2201 1479 2302; baseline -0.001 -25"><span class='ocrx_word' id='word_1_139' title='bbox 134 2251 160 2298; x_wconf 89' lang='lat'>„</span> <span class='ocrx_word' id='word_1_140' title='bbox 184 2201 412 2302; x_wconf 87' lang='lat' dir='ltr'>sanguinis,</span> <span class='ocrx_word' id='word_1_141' title='bbox 446 2205 617 2283; x_wconf 77' lang='lat' dir='ltr'>Corona</span> <span class='ocrx_word' id='word_1_142' title='bbox 640 2206 809 2298; x_wconf 89' lang='lat' dir='ltr'>aculeo,</span> <span class='ocrx_word' id='word_1_143' title='bbox 836 2204 1006 2302; x_wconf 81' lang='lat' dir='ltr'>Virginis</span> <span class='ocrx_word' id='word_1_144' title='bbox 1033 2202 1291 2297; x_wconf 86' lang='lat' dir='ltr'>vestimento,</span> <span class='ocrx_word' id='word_1_145' title='bbox 1318 2203 1354 2278; x_wconf 87' lang='lat'>&amp;</span> <span class='ocrx_word' id='word_1_146' title='bbox 1382 2221 1479 2277; x_wconf 81' lang='lat' dir='ltr'>vera</span> 
     </span>
     <span class='ocr_line' id='line_1_20' title="bbox 136 2302 1481 2404; baseline -0.003 -23"><span class='ocrx_word' id='word_1_147' title='bbox 136 2353 164 2396; x_wconf 83' lang='lat'>„</span> <span class='ocrx_word' id='word_1_148' title='bbox 184 2302 329 2381; x_wconf 81' lang='lat' dir='ltr'>Crucis</span> <span class='ocrx_word' id='word_1_149' title='bbox 355 2303 588 2403; x_wconf 85' lang='lat' dir='ltr'>fragmento:</span> <span class='ocrx_word' id='word_1_150' title='bbox 615 2330 739 2404; x_wconf 89' lang='lat' dir='ltr'>aquo</span> <span class='ocrx_word' id='word_1_151' title='bbox 766 2308 855 2385; x_wconf 79' lang='lat' dir='ltr'>Aut.</span> <span class='ocrx_word' id='word_1_152' title='bbox 882 2306 1011 2388; x_wconf 67' lang='lat' dir='ltr'>Cont.v</span> <span class='ocrx_word' id='word_1_153' title='bbox 1030 2303 1244 2384; x_wconf 86' lang='lat' dir='ltr'>Patriarcha</span> <span class='ocrx_word' id='word_1_154' title='bbox 1270 2324 1481 2380; x_wconf 87' lang='lat' dir='ltr'>aramnun·</span> 
     </span>
     <span class='ocr_line' id='line_1_21' title="bbox 136 2402 1480 2506; baseline -0.003 -25"><span class='ocrx_word' id='word_1_155' title='bbox 136 2452 163 2497; x_wconf 87' lang='lat'>‚,</span> <span class='ocrx_word' id='word_1_156' title='bbox 184 2402 318 2503; x_wconf 89' lang='lat' dir='ltr'>cupati</span> <span class='ocrx_word' id='word_1_157' title='bbox 348 2405 495 2500; x_wconf 92' lang='lat' dir='ltr'>voluit,</span> <span class='ocrx_word' id='word_1_158' title='bbox 523 2406 826 2484; x_wconf 86' lang='lat' dir='ltr'>Monumentum</span> <span class='ocrx_word' id='word_1_159' title='bbox 856 2404 921 2482; x_wconf 88' lang='lat' dir='ltr'>fibi</span> <span class='ocrx_word' id='word_1_160' title='bbox 934 2407 1085 2506; x_wconf 89' lang='lat' dir='ltr'>posuit,</span> <span class='ocrx_word' id='word_1_161' title='bbox 1110 2402 1399 2484; x_wconf 81' lang='lat' dir='ltr'>asundameutis</span> <span class='ocrx_word' id='word_1_162' title='bbox 1418 2423 1480 2482; x_wconf 82' lang='lat' dir='ltr'>ex·</span> 
     </span>
     <span class='ocr_line' id='line_1_22' title="bbox 135 2501 1481 2610; baseline -0.003 -25"><span class='ocrx_word' id='word_1_163' title='bbox 135 2554 162 2597; x_wconf 75' lang='lat' dir='ltr'>n</span> <span class='ocrx_word' id='word_1_164' title='bbox 187 2502 310 2603; x_wconf 80' lang='lat' dir='ltr'>pense</span> <span class='ocrx_word' id='word_1_165' title='bbox 336 2504 497 2605; x_wconf 89' lang='lat' dir='ltr'>propriis</span> <span class='ocrx_word' id='word_1_166' title='bbox 521 2507 667 2603; x_wconf 83' lang='lat' dir='ltr'>erexit,</span> <span class='ocrx_word' id='word_1_167' title='bbox 694 2508 915 2609; x_wconf 87' lang='lat' dir='ltr'>dotavitque</span> <span class='ocrx_word' id='word_1_168' title='bbox 942 2507 1116 2607; x_wconf 86' lang='lat' dir='ltr'>pietatis,</span> <span class='ocrx_word' id='word_1_169' title='bbox 1142 2507 1179 2585; x_wconf 93' lang='grc'>8(</span> <span class='ocrx_word' id='word_1_170' title='bbox 1200 2501 1396 2610; x_wconf 87' lang='lat' dir='ltr'>religionis</span> <span class='ocrx_word' id='word_1_171' title='bbox 1417 2503 1481 2581; x_wconf 80' lang='lat' dir='ltr'>do</span> 
     </span>
     <span class='ocr_line' id='line_1_23' title="bbox 134 2619 435 2698; baseline -0.003 -14"><span class='ocrx_word' id='word_1_172' title='bbox 134 2619 161 2698; x_wconf 72' lang='lat'>‚‘‚</span> <span class='ocrx_word' id='word_1_173' title='bbox 187 2626 435 2684; x_wconf 87' lang='lat' dir='ltr'>cumentum.</span> 
     </span>
    </p>

    <p class='ocr_par' dir='ltr' id='par_1_10' title="bbox 131 2707 1543 3210">
     <span class='ocr_line' id='line_1_24' title="bbox 185 2707 1543 2811; baseline 0.002 -28"><span class='ocrx_word' id='word_1_174' title='bbox 185 2758 213 2801; x_wconf 88' lang='lat'>„</span> <span class='ocrx_word' id='word_1_175' title='bbox 238 2707 344 2784; x_wconf 92' lang='lat' dir='ltr'>Cum</span> <span class='ocrx_word' id='word_1_176' title='bbox 382 2708 424 2785; x_wconf 86' lang='lat' dir='ltr'>in</span> <span class='ocrx_word' id='word_1_177' title='bbox 451 2708 572 2788; x_wconf 86' lang='lat' dir='ltr'>altero</span> <span class='ocrx_word' id='word_1_178' title='bbox 595 2709 744 2809; x_wconf 88' lang='lat' dir='ltr'>templi</span> <span class='ocrx_word' id='word_1_179' title='bbox 771 2712 890 2791; x_wconf 90' lang='lat' dir='ltr'>latere</span> <span class='ocrx_word' id='word_1_180' title='bbox 915 2711 1056 2790; x_wconf 80' lang='lat' dir='ltr'>Crucis</span> <span class='ocrx_word' id='word_1_181' title='bbox 1094 2710 1203 2811; x_wconf 91' lang='lat' dir='ltr'>ligno</span> <span class='ocrx_word' id='word_1_182' title='bbox 1240 2711 1331 2788; x_wconf 85' lang='lat' dir='ltr'>Ant.</span> <span class='ocrx_word' id='word_1_183' title='bbox 1358 2708 1479 2786; x_wconf 82' lang='lat' dir='ltr'>Cont.</span> <span class='ocrx_word' id='word_1_184' title='bbox 1541 2723 1543 2732; x_wconf 81' lang='grc'>’</span> 
     </span>
     <span class='ocr_line' id='line_1_25' title="bbox 131 2805 1484 2911; baseline 0.002 -30"><span class='ocrx_word' id='word_1_185' title='bbox 131 2857 161 2901; x_wconf 83' lang='grc'>,,</span> <span class='ocrx_word' id='word_1_186' title='bbox 188 2805 395 2892; x_wconf 78' lang='lat' dir='ltr'>Patriatclt·</span> <span class='ocrx_word' id='word_1_187' title='bbox 423 2835 525 2889; x_wconf 87' lang='lat' dir='ltr'>aratu</span> <span class='ocrx_word' id='word_1_188' title='bbox 553 2810 757 2890; x_wconf 84' lang='lat' dir='ltr'>instituerit</span> <span class='ocrx_word' id='word_1_189' title='bbox 782 2810 938 2891; x_wconf 83' lang='lat' dir='ltr'>Christo</span> <span class='ocrx_word' id='word_1_190' title='bbox 964 2812 1073 2910; x_wconf 89' lang='lat' dir='ltr'>Jesu,</span> <span class='ocrx_word' id='word_1_191' title='bbox 1096 2811 1232 2911; x_wconf 85' lang='lat' dir='ltr'>quiin</span> <span class='ocrx_word' id='word_1_192' title='bbox 1254 2809 1324 2887; x_wconf 89' lang='lat' dir='ltr'>illo</span> <span class='ocrx_word' id='word_1_193' title='bbox 1352 2807 1484 2885; x_wconf 82' lang='lat' dir='ltr'>huma·</span> 
     </span>
     <span class='ocr_line' id='line_1_26' title="bbox 132 2906 1482 3010; baseline 0 -24"><span class='ocrx_word' id='word_1_194' title='bbox 132 2951 159 3001; x_wconf 60' lang='grc' dir='ltr'>ς,</span> <span class='ocrx_word' id='word_1_195' title='bbox 187 2930 284 2986; x_wconf 88' lang='lat' dir='ltr'>uum</span> <span class='ocrx_word' id='word_1_196' title='bbox 313 2909 471 2989; x_wconf 89' lang='lat' dir='ltr'>redemit</span> <span class='ocrx_word' id='word_1_197' title='bbox 498 2937 641 3010; x_wconf 83' lang='lat' dir='ltr'>genus,</span> <span class='ocrx_word' id='word_1_198' title='bbox 667 2912 790 2990; x_wconf 90' lang='lat' dir='ltr'>sedem</span> <span class='ocrx_word' id='word_1_199' title='bbox 819 2911 859 2989; x_wconf 88' lang='lat' dir='ltr'>in</span> <span class='ocrx_word' id='word_1_200' title='bbox 884 2913 1005 2991; x_wconf 84' lang='lat' dir='ltr'>altero</span> <span class='ocrx_word' id='word_1_201' title='bbox 1016 2913 1130 2990; x_wconf 89' lang='lat' dir='ltr'>dicari</span> <span class='ocrx_word' id='word_1_202' title='bbox 1144 2913 1304 3004; x_wconf 90' lang='lat' dir='ltr'>debete,</span> <span class='ocrx_word' id='word_1_203' title='bbox 1330 2906 1482 3009; x_wconf 88' lang='lat' dir='ltr'>proprio</span> 
     </span>
     <span class='ocr_line' id='line_1_27' title="bbox 135 3008 1483 3109; baseline 0.002 -23"><span class='ocrx_word' id='word_1_204' title='bbox 135 3059 165 3102; x_wconf 84' lang='lat'>,‚</span> <span class='ocrx_word' id='word_1_205' title='bbox 187 3033 264 3087; x_wconf 82' lang='lat' dir='ltr'>aete</span> <span class='ocrx_word' id='word_1_206' title='bbox 292 3008 450 3109; x_wconf 84' lang='lat' dir='ltr'>piissime</span> <span class='ocrx_word' id='word_1_207' title='bbox 476 3012 689 3108; x_wconf 88' lang='lat' dir='ltr'>judicavit.</span> <span class='ocrx_word' id='word_1_208' title='bbox 728 3011 887 3090; x_wconf 84' lang='lat' dir='ltr'>Muxvt.</span> <span class='ocrx_word' id='word_1_209' title='bbox 915 3013 1062 3090; x_wconf 86' lang='lat' dir='ltr'>Caveat</span> <span class='ocrx_word' id='word_1_210' title='bbox 1091 3011 1190 3089; x_wconf 86' lang='lat' dir='ltr'>inter</span> <span class='ocrx_word' id='word_1_211' title='bbox 1225 3010 1297 3088; x_wconf 86' lang='lat' dir='ltr'>hos</span> <span class='ocrx_word' id='word_1_212' title='bbox 1324 3010 1483 3106; x_wconf 81' lang='lat' dir='ltr'>parietes</span> 
     </span>
     <span class='ocr_line' id='line_1_28' title="bbox 132 3108 1372 3210; baseline -0.002 -25"><span class='ocrx_word' id='word_1_213' title='bbox 132 3123 161 3202; x_wconf 86' lang='lat'>,&#39;,</span> <span class='ocrx_word' id='word_1_214' title='bbox 185 3109 275 3210; x_wconf 88' lang='lat' dir='ltr'>quis</span> <span class='ocrx_word' id='word_1_215' title='bbox 303 3135 596 3190; x_wconf 88' lang='lat' dir='ltr'>monumentum</span> <span class='ocrx_word' id='word_1_216' title='bbox 625 3110 692 3190; x_wconf 84' lang='lat' dir='ltr'>fibi</span> <span class='ocrx_word' id='word_1_217' title='bbox 720 3111 972 3206; x_wconf 90' lang='lat' dir='ltr'>constituere,</span> <span class='ocrx_word' id='word_1_218' title='bbox 998 3110 1143 3190; x_wconf 84' lang='lat' dir='ltr'>Christi</span> <span class='ocrx_word' id='word_1_219' title='bbox 1170 3108 1271 3190; x_wconf 85' lang='lat' dir='ltr'>enim</span> <span class='ocrx_word' id='word_1_220' title='bbox 1300 3108 1372 3184; x_wconf 88' lang='lat' dir='ltr'>est.</span> 
     </span>
    </p>

    <p class='ocr_par' dir='ltr' id='par_1_11' title="bbox 134 3207 1487 4216">
     <span class='ocr_line' id='line_1_29' title="bbox 182 3207 1484 3312; baseline -0.002 -24"><span class='ocrx_word' id='word_1_221' title='bbox 182 3210 379 3288; x_wconf 86' lang='lat' dir='ltr'>Sacellum</span> <span class='ocrx_word' id='word_1_222' title='bbox 408 3212 603 3290; x_wconf 84' lang='lat' dir='ltr'>salutiferae</span> <span class='ocrx_word' id='word_1_223' title='bbox 631 3212 845 3291; x_wconf 90' lang='lat' dir='ltr'>dedicatum</span> <span class='ocrx_word' id='word_1_224' title='bbox 873 3212 994 3290; x_wconf 91' lang='lat' dir='ltr'>Cruci</span> <span class='ocrx_word' id='word_1_225' title='bbox 1022 3211 1233 3312; x_wconf 87' lang='lat' dir='ltr'>antiquitus</span> <span class='ocrx_word' id='word_1_226' title='bbox 1260 3210 1365 3287; x_wconf 91' lang='lat' dir='ltr'>Divo</span> <span class='ocrx_word' id='word_1_227' title='bbox 1380 3207 1484 3286; x_wconf 85' lang='lat' dir='ltr'>Mat·</span> 
     </span>
     <span class='ocr_line' id='line_1_30' title="bbox 137 3308 1485 3413; baseline -0.001 -25"><span class='ocrx_word' id='word_1_228' title='bbox 137 3309 220 3390; x_wconf 88' lang='lat' dir='ltr'>tino</span> <span class='ocrx_word' id='word_1_229' title='bbox 253 3310 440 3412; x_wconf 84' lang='lat' dir='ltr'>Episcopo</span> <span class='ocrx_word' id='word_1_230' title='bbox 467 3314 613 3392; x_wconf 88' lang='lat' dir='ltr'>sacrum</span> <span class='ocrx_word' id='word_1_231' title='bbox 642 3333 754 3407; x_wconf 89' lang='lat' dir='ltr'>erat,</span> <span class='ocrx_word' id='word_1_232' title='bbox 779 3314 880 3413; x_wconf 88' lang='lat' dir='ltr'>quod</span> <span class='ocrx_word' id='word_1_233' title='bbox 908 3313 1075 3407; x_wconf 89' lang='lat' dir='ltr'>deinde,</span> <span class='ocrx_word' id='word_1_234' title='bbox 1112 3335 1153 3390; x_wconf 90' lang='lat' dir='ltr'>ut</span> <span class='ocrx_word' id='word_1_235' title='bbox 1181 3313 1221 3390; x_wconf 88' lang='lat' dir='ltr'>in</span> <span class='ocrx_word' id='word_1_236' title='bbox 1247 3336 1294 3390; x_wconf 89' lang='lat' dir='ltr'>eo</span> <span class='ocrx_word' id='word_1_237' title='bbox 1323 3308 1485 3407; x_wconf 76' lang='lat' dir='ltr'>inlignds</span> 
     </span>
     <span class='ocr_line' id='line_1_31' title="bbox 135 3411 1486 3514; baseline -0.001 -26"><span class='ocrx_word' id='word_1_238' title='bbox 135 3413 268 3492; x_wconf 77' lang='lat' dir='ltr'>nostra</span> <span class='ocrx_word' id='word_1_239' title='bbox 296 3414 586 3514; x_wconf 87' lang='lat' dir='ltr'>Redemptionis</span> <span class='ocrx_word' id='word_1_240' title='bbox 613 3413 799 3514; x_wconf 65' lang='lat' dir='ltr'>Reliquiae</span> <span class='ocrx_word' id='word_1_241' title='bbox 825 3414 1128 3509; x_wconf 88' lang='lat' dir='ltr'>collocarentur,</span> <span class='ocrx_word' id='word_1_242' title='bbox 1145 3412 1380 3514; x_wconf 83' lang='lat' dir='ltr'>Capitulum</span> <span class='ocrx_word' id='word_1_243' title='bbox 1407 3411 1486 3488; x_wconf 87' lang='lat' dir='ltr'>Ca·</span> 
     </span>
     <span class='ocr_line' id='line_1_32' title="bbox 134 3511 1484 3615; baseline -0.002 -25"><span class='ocrx_word' id='word_1_244' title='bbox 134 3514 364 3593; x_wconf 90' lang='lat' dir='ltr'>nonicorum</span> <span class='ocrx_word' id='word_1_245' title='bbox 403 3515 665 3615; x_wconf 88' lang='lat' dir='ltr'>supralaudato</span> <span class='ocrx_word' id='word_1_246' title='bbox 704 3515 877 3595; x_wconf 86' lang='lat' dir='ltr'>Antonio</span> <span class='ocrx_word' id='word_1_247' title='bbox 906 3515 1130 3595; x_wconf 80' lang='lat' dir='ltr'>Parriatchae</span> <span class='ocrx_word' id='word_1_248' title='bbox 1166 3511 1344 3594; x_wconf 75' lang='lat' dir='ltr'>concessit</span> <span class='ocrx_word' id='word_1_249' title='bbox 1382 3535 1484 3588; x_wconf 87' lang='lat' dir='ltr'>anno</span> 
     </span>
     <span class='ocr_line' id='line_1_33' title="bbox 136 3613 1486 3711; baseline -0.003 -19"><span class='ocrx_word' id='word_1_250' title='bbox 136 3613 275 3692; x_wconf 80' lang='lat' dir='ltr'>Morti.</span> <span class='ocrx_word' id='word_1_251' title='bbox 303 3617 367 3693; x_wconf 89' lang='lat' dir='ltr'>die</span> <span class='ocrx_word' id='word_1_252' title='bbox 392 3639 488 3695; x_wconf 86' lang='lat' dir='ltr'>xxtt.</span> <span class='ocrx_word' id='word_1_253' title='bbox 517 3617 781 3711; x_wconf 87' lang='lat' dir='ltr'>Novembris,</span> <span class='ocrx_word' id='word_1_254' title='bbox 809 3639 851 3694; x_wconf 94' lang='lat' dir='ltr'>ut</span> <span class='ocrx_word' id='word_1_255' title='bbox 879 3617 917 3693; x_wconf 90' lang='lat' dir='ltr'>in</span> <span class='ocrx_word' id='word_1_256' title='bbox 946 3641 993 3693; x_wconf 94' lang='lat' dir='ltr'>eo</span> <span class='ocrx_word' id='word_1_257' title='bbox 1021 3641 1163 3694; x_wconf 91' lang='lat' dir='ltr'>novum</span> <span class='ocrx_word' id='word_1_258' title='bbox 1191 3615 1379 3694; x_wconf 87' lang='lat' dir='ltr'>Sacellum</span> <span class='ocrx_word' id='word_1_259' title='bbox 1408 3636 1486 3689; x_wconf 60' lang='lat' dir='ltr'>arna</span> 
     </span>
     <span class='ocr_line' id='line_1_34' title="bbox 134 3711 1484 3816; baseline 0 -26"><span class='ocrx_word' id='word_1_260' title='bbox 134 3713 254 3813; x_wconf 87' lang='lat' dir='ltr'>pliori</span> <span class='ocrx_word' id='word_1_261' title='bbox 281 3713 398 3810; x_wconf 88' lang='lat' dir='ltr'>spatio</span> <span class='ocrx_word' id='word_1_262' title='bbox 423 3740 619 3814; x_wconf 86' lang='lat' dir='ltr'>extruere,</span> <span class='ocrx_word' id='word_1_263' title='bbox 645 3718 682 3795; x_wconf 90' lang='grc'>8(</span> <span class='ocrx_word' id='word_1_264' title='bbox 708 3719 825 3796; x_wconf 88' lang='lat' dir='ltr'>altare</span> <span class='ocrx_word' id='word_1_265' title='bbox 844 3717 915 3816; x_wconf 67' lang='lat' dir='ltr'>[ab</span> <span class='ocrx_word' id='word_1_266' title='bbox 935 3711 1078 3812; x_wconf 81' lang='lat' dir='ltr'>titulo,</span> <span class='ocrx_word' id='word_1_267' title='bbox 1114 3713 1209 3815; x_wconf 82' lang='lat' dir='ltr'>quod</span> <span class='ocrx_word' id='word_1_268' title='bbox 1233 3713 1305 3815; x_wconf 71' lang='lat' dir='ltr'>stri</span> <span class='ocrx_word' id='word_1_269' title='bbox 1320 3711 1484 3813; x_wconf 76' lang='lat' dir='ltr'>placeret</span> 
     </span>
     <span class='ocr_line' id='line_1_35' title="bbox 136 3814 1483 3914; baseline 0.001 -25"><span class='ocrx_word' id='word_1_270' title='bbox 136 3814 309 3913; x_wconf 83' lang='lat' dir='ltr'>erigere,</span> <span class='ocrx_word' id='word_1_271' title='bbox 338 3840 406 3892; x_wconf 88' lang='lat' dir='ltr'>nec</span> <span class='ocrx_word' id='word_1_272' title='bbox 433 3818 720 3898; x_wconf 88' lang='lat' dir='ltr'>nontumulum</span> <span class='ocrx_word' id='word_1_273' title='bbox 733 3817 914 3914; x_wconf 82' lang='lat' dir='ltr'>statuere,</span> <span class='ocrx_word' id='word_1_274' title='bbox 938 3820 1101 3896; x_wconf 90' lang='lat' dir='ltr'>valeret.</span> <span class='ocrx_word' id='word_1_275' title='bbox 1132 3819 1183 3896; x_wconf 92' lang='lat' dir='ltr'>Ut</span> <span class='ocrx_word' id='word_1_276' title='bbox 1195 3841 1323 3896; x_wconf 91' lang='lat' dir='ltr'>autem</span> <span class='ocrx_word' id='word_1_277' title='bbox 1338 3837 1483 3893; x_wconf 89' lang='lat' dir='ltr'>novum</span> 
     </span>
     <span class='ocr_line' id='line_1_36' title="bbox 140 3914 1484 4021; baseline -0.001 -29"><span class='ocrx_word' id='word_1_278' title='bbox 140 3915 338 3994; x_wconf 88' lang='lat' dir='ltr'>Sacellum</span> <span class='ocrx_word' id='word_1_279' title='bbox 364 3914 400 3991; x_wconf 93' lang='grc'>8(</span> <span class='ocrx_word' id='word_1_280' title='bbox 427 3917 582 4014; x_wconf 89' lang='lat' dir='ltr'>decore,</span> <span class='ocrx_word' id='word_1_281' title='bbox 608 3921 644 3997; x_wconf 91' lang='grc'>8(</span> <span class='ocrx_word' id='word_1_282' title='bbox 673 3919 881 4021; x_wconf 65' lang='lat' dir='ltr'>redditibus</span> <span class='ocrx_word' id='word_1_283' title='bbox 908 3919 1187 4012; x_wconf 85' lang='lat' dir='ltr'>instrueretur,</span> <span class='ocrx_word' id='word_1_284' title='bbox 1214 3918 1352 3995; x_wconf 79' lang='lat' dir='ltr'>assensit</span> <span class='ocrx_word' id='word_1_285' title='bbox 1382 3915 1484 3991; x_wconf 89' lang='lat' dir='ltr'>idem</span> 
     </span>
     <span class='ocr_line' id='line_1_37' title="bbox 138 4012 1487 4118; baseline -0.004 -24"><span class='ocrx_word' id='word_1_286' title='bbox 138 4016 367 4116; x_wconf 82' lang='lat' dir='ltr'>Capitulare</span> <span class='ocrx_word' id='word_1_287' title='bbox 393 4016 633 4097; x_wconf 86' lang='lat' dir='ltr'>Cathedtalis</span> <span class='ocrx_word' id='word_1_288' title='bbox 658 4020 907 4118; x_wconf 90' lang='lat' dir='ltr'>Collegium,</span> <span class='ocrx_word' id='word_1_289' title='bbox 935 4021 1203 4098; x_wconf 86' lang='lat' dir='ltr'>utPatriarclta</span> <span class='ocrx_word' id='word_1_290' title='bbox 1230 4019 1333 4096; x_wconf 84' lang='lat' dir='ltr'>unire</span> <span class='ocrx_word' id='word_1_291' title='bbox 1349 4012 1487 4114; x_wconf 78' lang='lat' dir='ltr'>paffet,</span> 
     </span>
     <span class='ocr_line' id='line_1_38' title="bbox 141 4113 1487 4216; baseline -0.004 -22"><span class='ocrx_word' id='word_1_292' title='bbox 141 4117 191 4194; x_wconf 74' lang='grc' dir='ltr'>Ο·</span> <span class='ocrx_word' id='word_1_293' title='bbox 213 4114 405 4194; x_wconf 71' lang='grc' dir='ltr'>αᾶηεὲῗενε</span> <span class='ocrx_word' id='word_1_294' title='bbox 433 4117 554 4196; x_wconf 82' lang='lat' dir='ltr'>eidem</span> <span class='ocrx_word' id='word_1_295' title='bbox 572 4114 731 4216; x_wconf 72' lang='lat' dir='ltr'>Capella</span> <span class='ocrx_word' id='word_1_296' title='bbox 758 4119 962 4198; x_wconf 81' lang='lat' dir='ltr'>Ecclesiam</span> <span class='ocrx_word' id='word_1_297' title='bbox 992 4121 1234 4199; x_wconf 67' lang='lat' dir='ltr'>Paroecialem</span> <span class='ocrx_word' id='word_1_298' title='bbox 1263 4122 1299 4196; x_wconf 87' lang='lat' dir='ltr'>S.</span> <span class='ocrx_word' id='word_1_299' title='bbox 1323 4113 1487 4193; x_wconf 85' lang='lat' dir='ltr'>Martini</span> 
     </span>
    </p>
   </div>
   <div class='ocr_carea' id='block_1_6' title="bbox 141 4216 1730 4320">
    <p class='ocr_par' dir='ltr' id='par_1_12' title="bbox 141 4216 1730 4320">
     <span class='ocr_line' id='line_1_39' title="bbox 141 4216 1730 4320; baseline -0.003 -26"><span class='ocrx_word' id='word_1_300' title='bbox 141 4217 191 4295; x_wconf 86' lang='lat' dir='ltr'>de</span> <span class='ocrx_word' id='word_1_301' title='bbox 218 4220 389 4316; x_wconf 85' lang='lat' dir='ltr'>Bibano,</span> <span class='ocrx_word' id='word_1_302' title='bbox 415 4245 497 4319; x_wconf 81' lang='lat' dir='ltr'>quae</span> <span class='ocrx_word' id='word_1_303' title='bbox 525 4221 566 4302; x_wconf 90' lang='lat' dir='ltr'>in</span> <span class='ocrx_word' id='word_1_304' title='bbox 592 4222 742 4302; x_wconf 81' lang='lat' dir='ltr'>Sacillis</span> <span class='ocrx_word' id='word_1_305' title='bbox 769 4222 962 4300; x_wconf 84' lang='lat' dir='ltr'>territorio</span> <span class='ocrx_word' id='word_1_306' title='bbox 990 4221 1104 4320; x_wconf 83' lang='lat' dir='ltr'>posita</span> <span class='ocrx_word' id='word_1_307' title='bbox 1133 4216 1406 4297; x_wconf 88' lang='lat' dir='ltr'>Patriarchatui</span> <span class='ocrx_word' id='word_1_308' title='bbox 1434 4234 1488 4290; x_wconf 89' lang='lat' dir='ltr'>ta·</span> <span class='ocrx_word' id='word_1_309' title='bbox 1609 4237 1612 4242; x_wconf 82' lang='lat'>·</span> <span class='ocrx_word' id='word_1_310' title='bbox 1724 4237 1730 4250; x_wconf 76' lang='lat'><strong>·</strong></span> 
     </span>
    </p>
   </div>
   <div class='ocr_carea' id='block_1_7' title="bbox 140 4316 1486 4536">
    <p class='ocr_par' dir='ltr' id='par_1_13' title="bbox 140 4316 1486 4536">
     <span class='ocr_line' id='line_1_40' title="bbox 140 4316 1486 4424; baseline -0.007 -22"><span class='ocrx_word' id='word_1_311' title='bbox 140 4341 236 4402; x_wconf 81' lang='lat' dir='ltr'>meu</span> <span class='ocrx_word' id='word_1_312' title='bbox 262 4321 509 4407; x_wconf 89' lang='lat' dir='ltr'>Venetiatum</span> <span class='ocrx_word' id='word_1_313' title='bbox 539 4321 701 4424; x_wconf 60' lang='lat' dir='ltr'>subis&amp;</span> <span class='ocrx_word' id='word_1_314' title='bbox 729 4343 830 4408; x_wconf 74' lang='lat' dir='ltr'>etet.</span> <span class='ocrx_word' id='word_1_315' title='bbox 857 4322 932 4424; x_wconf 80' lang='lat' dir='ltr'>His</span> <span class='ocrx_word' id='word_1_316' title='bbox 953 4316 1486 4401; x_wconf 82' lang='lat' dir='ltr'>exunanimiCartonicoruut</span> 
     </span>
     <span class='ocr_line' id='line_1_41' title="bbox 243 4418 1435 4536; baseline -0.002 -38.076"><span class='ocrx_word' id='word_1_317' title='bbox 243 4424 349 4536; x_wconf 51' lang='lat' dir='ltr'>som.</span> <span class='ocrx_word' id='word_1_318' title='bbox 371 4429 474 4502; x_wconf 82' lang='lat' dir='ltr'><em>XIII.</em></span> <span class='ocrx_word' id='word_1_319' title='bbox 959 4421 1001 4526; x_wconf 27' lang='lat' dir='ltr'>,Y</span> <span class='ocrx_word' id='word_1_320' title='bbox 1303 4418 1435 4496; x_wconf 84' lang='lat' dir='ltr'>volun·</span> 
     </span>
    </p>
   </div>
   <div class='ocr_carea' id='block_1_8' title="bbox 0 0 1952 5342">
    <p class='ocr_par' dir='ltr' id='par_1_14' title="bbox 0 0 1952 5342">
     <span class='ocr_line' id='line_1_42' title="bbox 0 0 1952 5342; baseline 0 0"><span class='ocrx_word' id='word_1_321' title='bbox 0 0 1952 5342; x_wconf 95' lang='lat' dir='ltr'> </span> 
     </span>
    </p>
   </div>
  </div>
 </body>
</html>
